1705 2767
701 110 740 144 ἄν
763 130 802 135 --
827 111 889 146 ἀνά

48 197 100 222 quo
119 190 282 224 significatur
297 190 325 217 in
343 198 375 217 eo
394 198 452 218 esse
471 194 501 217 ut
515 195 600 225 eatur)
619 194 693 221 addit
711 198 778 228 part.

49 224 95 262 ἄν,
123 229 253 263 significat
278 236 382 255 sumere
406 236 436 255 se
462 230 520 256 fore
543 235 571 257 ut
595 233 695 266 aliquid
717 241 779 260 vere

46 261 104 289 fiat:
127 264 151 288 Α
169 265 218 290 205
235 259 295 296 τάχ’
316 259 350 288 ἄν
368 271 439 289 ποτε
457 261 552 296 θυμὸν
571 263 688 301 ὀλέσσῃ,
708 275 777 302 mox,

45 295 153 335 opinor,
173 296 286 329 amittet,
309 298 335 322 Λ
354 299 404 323 387
426 295 477 323 οὔκ
501 295 534 323 ἄν
553 307 597 325 τοι
616 301 775 335 χραίσμῃσι

43 327 109 363 βιός
129 330 188 356 vide
209 338 242 356 ne
264 338 317 356 non
339 330 388 356 tibi
410 331 564 364 profuturus
583 334 628 368 sit,
656 335 774 362 Ariston.

45 360 105 389 ἀντὶ
123 366 176 390 τοῦ
189 363 336 398 χραίσμοι.
362 364 393 390 Χ
409 368 458 393 505
474 368 524 391 νῦν
539 365 564 392 δ’
582 365 616 393 ἂν
630 383 640 387 -
654 367 774 402 πάθῃσι,

43 397 130 430 multa,
149 400 178 423 ut
194 398 341 431 apparebit,
360 406 536 432 perpessurus
555 405 603 434 est,
622 403 739 429 Ariston.
756 403 772 437 ἦ

43 431 66 458 ὁ.
86 427 110 457 ὅ.
129 428 190 457 ἀντὶ
207 434 260 457 τοῦ
277 429 365 458 πάθοι
385 430 425 459 ἄν.
462 433 535 461 Coni.
554 436 593 461 uti
611 436 715 462 videtur
729 439 773 470 qui

41 464 180 491 certiorem
207 465 386 492 coniecturam
409 466 485 500 facit,
515 472 568 501 opt.
592 470 636 502 qui
660 470 772 505 dubitat,

41 498 94 524 sive
111 498 155 531 qui
173 499 347 531 cogitationes
367 508 428 527 suas
446 501 556 534 profert.
585 504 708 530 Proxime
726 505 734 530 i
755 506 774 531 i-

37 535 82 558 tur
98 532 200 558 accedit
218 533 251 559 ad
269 534 316 560 fut.
336 534 361 559 B
380 537 430 562 488
449 536 465 561 δ
483 538 533 562 240
552 537 566 561 λ
586 539 636 563 328
655 541 704 565 517
720 547 774 564 ουκ

37 562 72 591 ἄν
97 580 108 585 -
131 563 296 599 μυθήσομαι
329 565 391 593 οὐδ’
426 566 574 604 ὀνομήνω,
610 572 726 598 Ariston.
757 570 773 606 ἢ

34 607 79 625 τοι
103 594 147 625 ὅτι
170 601 309 634 περισσὸς
333 598 348 627 ὁ
372 599 407 627 ἂν
430 599 446 634 ἢ
464 602 635 637 ,ιιι-θήσομαι
656 602 772 639 εἴρηκεν

35 630 96 658 ἀντὶ
115 636 167 659 τοῦ
182 635 379 669 μυθησαίμην,
402 644 456 663 11011
475 644 524 670 ego
544 638 663 666 dixerim.
691 640 722 665 X
737 643 770 667 49

33 664 61 692 εἰ
73 681 84 686 -
98 665 202 699 ζώουσι
222 669 238 702 ἡ
253 667 278 694 τ’
295 666 330 694 ἂν
342 684 353 688 -
373 669 592 705 ἀπολεσόμεθα,
608 673 640 699 cf.
651 674 768 701 Ariston.

33 700 162 727 Videntur
188 702 240 728 iam
267 706 371 730 veteres
398 704 535 732 dubitasse
562 714 625 732 num
652 707 769 734 futurum

33 736 181 761 statuerent
195 743 228 762 an
242 737 317 770 coni,
327 739 505 765 recentiorum
519 740 653 773 plerisque
669 743 768 774 corripi

31 767 136 794 videtur
154 770 252 796 vocalis
271 771 437 798 coniunctivi.
468 774 482 806 ζ
501 776 549 800 221
567 771 653 807 ἰὶντην
669 773 695 800 δ’
713 776 767 801 σι’-κ

30 799 65 826 ἂν
88 799 146 835 ἐγώ
168 812 201 836 γε
219 802 377 836 λοέσσομαι
397 806 456 833 vide
475 815 508 833 ne
527 816 580 834 non
599 809 648 835 sim
665 809 766 836 lavatu-

29 843 82 869 rus,
100 836 218 864 Ariston.
237 834 253 871 ἢ
273 837 433 872 περιττεύει
453 839 485 867 τὸ
506 838 548 874 ἄν,
569 839 585 875 ἢ
600 841 632 868 τὸ
649 843 766 869 λοέσσο-

26 877 77 900 μαι
104 866 166 896 ἀντὶ
189 874 241 897 τοῦ
264 873 450 908 λοεσσαίμην.
469 891 502 893 -
520 876 547 905 1))
564 877 665 909 Aperte
684 878 767 903 utitur

26 902 126 930 futuro:
151 905 168 930 I
189 907 238 932 167
260 904 328 937 τοὶς
352 905 386 932 ἴεν
409 923 419 927 -
443 906 616 942 ἐπιόψομαι,
640 912 766 944 paraphr.

25 935 143 968 τούτους
183 937 313 971 ἐπιλέξω,
367 942 495 969 Subtilius
530 943 611 969 Faesi
646 943 768 975 τούτους

26 969 186 1004 πέμψωμεν
203 972 272 1003 τοὺς
291 971 326 999 ἂν
344 971 522 1010 ὲπιλέξομαι,
541 977 571 1002 Χ
587 979 620 1004 66
635 977 722 1004 αὐτὸν
737 978 764 1005 δ’

26 1002 61 1030 ἂν
78 1020 89 1024 -
105 1014 142 1036 με
160 1005 244 1037 κύνες
263 1004 412 1043 ἐρύουσιν,
435 1018 477 1036 me
495 1011 567 1036 haud
586 1012 640 1037 scio
660 1020 693 1038 an
713 1014 764 1039 sint

24 1046 103 1065 canes
125 1041 269 1073 raptaturi,
293 1042 410 1069 Ariston.
439 1044 469 1069 X
485 1046 518 1070 67
533 1042 681 1078 ἐρύουσιν·
702 1044 717 1079 ἡ
741 1048 763 1074 δ,

24 1067 48 1099 3.
77 1072 185 1106 χρόνος
208 1071 343 1107 ἤλλακται
371 1074 431 1102 ἀντὶ
455 1080 507 1104 τοῦ
531 1076 686 1111 ἐρῦσοτσιν
708 1081 761 1106 sch.

22 1105 78 1132 BV.
96 1107 128 1132 X
143 1109 176 1134 66
194 1107 334 1142 περισσὸς
354 1107 368 1135 ὃ
386 1107 426 1137 ἄν.
437 1127 470 1130 —
483 1127 516 1130 —
529 1112 570 1138 De
586 1113 762 1140 collocatione

22 1140 173 1172 particulae
194 1138 228 1166 ἄν
247 1143 279 1169 cf.
297 1144 435 1170 Hermann
453 1146 470 1173 1.
484 1145 501 1171 1.
522 1148 568 1172 193
587 1147 727 1173 B'aumlein
745 1149 761 1175 l.

0 1202 1 1205 Ἴ
21 1173 40 1200 l.
58 1175 116 1200 360.
144 1174 287 1208 Nunquam
305 1177 332 1202 in
351 1178 461 1205 introitu
480 1181 627 1206 sententiae
647 1185 694 1215 est,
714 1183 762 1208 sed

0 1215 1 1222 ¹
22 1207 193 1240 subsequitur
212 1218 270 1236 eam
288 1219 380 1237 vocem
400 1212 433 1238 ad
452 1213 526 1239 cuius
545 1214 681 1240 notionem
700 1223 762 1242 con-

20 1241 183 1268 stituendam
205 1243 305 1276 aliquid
328 1245 430 1271 confert
453 1250 482 1272 ut
504 1251 572 1280 part.
592 1248 760 1276 condiciona—

19 1274 73 1309 les,
91 1278 263 1310 temporales,
281 1286 356 1311 pron.
371 1280 427 1312 rel,
446 1280 512 1314 adv„
531 1282 695 1316 negationes,
714 1292 760 1310 no-

19 1308 91 1335 mina
125 1309 238 1343 denique
270 1320 382 1344 quorum
409 1314 551 1340 maximum
579 1319 619 1341 est
646 1317 758 1349 pondus.

19 1341 129 1375 Quando
157 1352 220 1370 vero
244 1345 335 1378 plures
357 1348 505 1379 particulae
529 1349 574 1374 uni
596 1351 677 1376 verbo
698 1352 758 1378 sub-

17 1376 138 1403 iciendae
161 1382 234 1411 sunt,
258 1387 316 1405 cum
340 1380 504 1407 debilissima
527 1391 649 1416 quaeque
671 1386 757 1418 primo

17 1409 76 1436 loco
94 1411 158 1444 ppni
178 1412 271 1446 soleat,
292 1410 326 1438 ἄν
343 1414 499 1448 plerumque
518 1417 611 1443 ultimo
631 1422 674 1444 est
687 1420 755 1453 loco,

16 1443 88 1470 velut
106 1446 121 1478 η’
141 1443 170 1471 σ’
191 1442 234 1479 ἄν,
254 1444 288 1472 οὗ
308 1446 364 1482 γάρ
384 1457 445 1479 πως
465 1446 506 1483 clv,
527 1458 609 1483 quare
628 1454 653 1477 Λ
675 1456 723 1480 187
743 1463 756 1480 ε

16 1478 64 1504 361
90 1478 104 1510 ζ
127 1481 178 1506 259
197 1477 268 1514 ὄφρ’
289 1477 323 1506 ἂν
346 1480 399 1514 μέν
417 1491 480 1517 κεν,
503 1484 643 1511 Baumlein
662 1489 754 1514 statuit

15 1507 87 1545 ὄφρ’
107 1508 142 1538 ἄν
163 1521 243 1539 11113111
261 1518 365 1541 tantum
388 1524 480 1543 vocem
499 1518 622 1551 efficere,
650 1521 698 1547 sed
721 1522 753 1548 ef.

17 1544 45 1570 Ω
66 1547 116 1572 437
138 1547 168 1572 Ν
184 1550 233 1574 127
253 1559 261 1573 ι
281 1551 339 1576 334.
376 1551 466 1577 Verbo
486 1556 558 1578 caret
578 1553 606 1578 H
622 1556 672 1581 286
690 1564 713 1581 v.
733 1563 753 1582 s.

14 1578 26 1604 I
45 1580 57 1604 1
78 1587 95 1605 a
117 1584 197 1613 atque
221 1582 247 1608 Ξ
269 1585 318 1609 244
343 1580 432 1609 ἄλλον
449 1583 503 1616 μέν
521 1595 571 1612 κεν
589 1602 599 1605 -
618 1587 754 1623 κατετνή-

13 1619 108 1646 σαιμι,
131 1615 181 1640 καὶ
201 1612 235 1640 ἂν
253 1621 398 1649 ποταμοῖο
423 1618 533 1653 ῥέεθρα
552 1621 632 1646 alium
651 1623 754 1655 sopive-

13 1645 72 1680 rim,
91 1648 172 1674 etiam
191 1650 287 1682 opinor
308 1651 418 1678 fluenta.
454 1653 545 1686 Ipsum
569 1651 604 1679 ἂν
625 1657 711 1689 repeti
731 1659 753 1682 A

12 1680 59 1706 301
82 1678 127 1712 (ἂν
151 1679 233 1712 ἑλών)
254 1684 364 1711 Bentler
386 1687 511 1720 putabat,
540 1689 670 1716 animadv.
695 1691 752 1718 crit.

12 1713 46 1739 ad
64 1714 140 1740 Hom.
161 1720 187 1742 et
204 1717 284 1750 Verg.
309 1719 367 1745 Jen.
390 1722 453 1747 1823
472 1729 497 1754 p.
513 1724 535 1748 7.
568 1723 673 1750 Ahrens
691 1725 752 1755 (Rh.

11 1747 48 1774 Μ.
66 1750 91 1782 2,
112 1752 160 1776 175
177 1750 245 1776 Phil.
264 1755 288 1785 4,
308 1755 366 1785 608)
385 1763 402 1787 y
419 1756 468 1780 327
491 1751 530 1780 ἵν’
547 1753 582 1781 ι’ὶι-
602 1757 751 1792 νημερτές,

10 1781 80 1813 quod
105 1791 159 1809 non
182 1785 306 1817 probavit
324 1787 467 1813 Mehlhorn
482 1797 568 1822 neque
582 1787 621 1815 ‘lv’
639 1788 673 1817 ἄν
683 1793 750 1819 alias

7 1814 52 1856 (gf.
74 1816 105 1850 ῌ
119 1819 179 1845 353)
202 1818 299 1852 legitur
317 1828 358 1853 ap.
377 1821 454 1849 Hom.
473 1822 505 1848 X
520 1825 570 1850 492
588 1827 638 1852 499
661 1826 749 1852 Bothe

10 1851 128 1890 meusim.
167 1851 255 1892 Y,2.⁹34
273 1862 296 1880 r.
315 1854 332 1880 l.
353 1852 388 1880 ἂν
407 1855 577 1889 ἦρείψαντο.

44 1891 86 1909 αν
103 1892 125 1910 v.
145 1892 164 1912 S.
185 1894 246 1913 ανα.

43 1914 106 1943 ἀνά
119 1914 196 1952 (ἄνω,
210 1920 255 1946 lat.
271 1928 316 1947 an·
329 1923 401 1955 goth.
418 1931 475 1956 ana,
491 1932 572 1957 germ.
588 1934 630 1952 an.
658 1927 747 1953 Etiam

11 1953 72 1976 ante
89 1958 221 1991 consonas
240 1951 274 1979 ἄν
292 1962 312 1982 s.
332 1955 379 1990 ἀν,
398 1957 431 1984 cf.
449 1958 548 1986 Buttm.
569 1960 628 2001 Spr.
647 1963 684 2002 2„

23 2054 35 2077 t
56 2051 225 2081 Herodianus
246 2056 289 2086 (ad
309 2057 330 2082 Θ
348 2061 407 2089 441)
430 2063 457 2085 et
478 2065 539 2093 post
558 2062 686 2088 Wolfium
704 2071 746 2089 re-

23 2086 147 2113 entiores.
176 2096 235 2114 cum
252 2090 340 2117 verbis
360 2094 535 2125 compositum
554 2095 583 2121 fit
603 2100 629 2121 et
650 2095 699 2128 ἀμ·
719 2102 745 2123 et

0 2119 1 2122 ’
45 2134 66 2152 -,
93 2120 178 2148 Bekk.
203 2122 229 2148 Φ
251 2125 299 2150 347
323 2125 412 2165 etiarn·
427 2124 589 2170 ἀγξηράνῃ,
616 2131 661 2157 ubi
685 2132 744 2157 Ari-

24 2295 81 2326 ·om.
99 2289 268 2325 Wittenberg
287 2294 359 2327 1833,
379 2295 420 2320 cui
439 2297 611 2325 subtilissime
629 2307 738 2334 respon-

22 2323 43 2347 it
60 2322 90 2348 G.
109 2323 246 2350 Hermann
264 2331 314 2359 (op.
334 2329 357 2360 5,
376 2331 424 2362 31),
443 2330 540 2358 Giseke
559 2333 628 2360 311111,
647 2334 735 2361 Entst.

0 2366 1 2369 ¹
22 2375 28 2381 .
47 2355 106 2396 fies.
127 2357 150 2384 d.
169 2358 198 2384 Il.
218 2360 250 2385 79
269 2367 298 2392 s.,
316 2360 385 2395 Key:
404 2364 449 2389 the
467 2368 691 2399 representatives
709 2369 740 2394 of

0 2394 2 2412 1
23 2397 57 2414 να
75 2392 140 2418 1854
159 2392 191 2418 de
211 2400 262 2424 quo
281 2393 357 2428 Ebel,
374 2396 453 2423 Kuhn
470 2402 494 2431 4,
513 2402 570 2426 217.

34 2417 48 2448 Ῑ
64 2424 130 2451 Adv.
157 2428 182 2457 a)
200 2425 275 2453 Eust.
294 2430 351 2462 217,
371 2432 402 2457 19
422 2431 509 2465 δηλοῖ
524 2432 556 2460 τὸ
578 2431 660 2469 ἱῑψος,
680 2444 736 2462 sur-

0 2463 67 2491 um,
85 2465 173 2492 supra,
192 2460 248 2493 auf,
269 2460 375 2495 darauf,
394 2464 483 2493 daran.
520 2468 546 2500 b)
568 2472 654 2503 retro,
673 2478 735 2496 nam

19 2497 70 2516 uae
92 2499 195 2519 sursum
214 2493 336 2521 feruntur
353 2497 476 2525 videntur
492 2504 565 2528 retro
583 2502 655 2536 ferri,
675 2512 734 2530 cum

0 2536 2 2561 g
21 2523 128 2563 lei-aque
147 2527 270 2554 deorsum
288 2529 415 2558 ferantur.
442 2535 466 2565 0)
483 2534 516 2561 de
530 2536 665 2563 solvendis
680 2538 733 2563 vin-

18 2556 78 2590 uhs,
105 2567 172 2593 quae
199 2562 305 2594 quando
333 2565 457 2599 colligata
484 2573 544 2595 sunt
571 2572 732 2597 retrahendo

0 2606 3 2645 Ι
50 2603 100 2624 1201.
113 2605 172 2627 Hom.
187 2607 217 2628 ed.
232 2608 327 2635 Ebeling.

732 2215 742 2218 -
767 2198 860 2257 Ιοῖ00110
868 2202 963 2265 11111112τέ
982 2235 1087 2260 videtur
1104 2235 1181 2267 (Phil.
1201 2238 1224 2269 7,
1243 2238 1310 2263 599),
1347 2237 1375 2262 Σ
1394 2240 1441 2263 177
1460 2241 1511 2271 πῆ-

733 2289 738 2293 ,
767 2267 812 2296 ξαι
835 2264 886 2292 dv&
906 2267 1095 2299 σκολόπεσσι,
1119 2270 1135 2294 λ
1155 2272 1204 2296 128
1221 2274 1254 2303 (ψ
1272 2273 1331 2310 2751
1351 2268 1509 2309 ἀθηρηλοι-

1484 127 1545 158 113

806 198 951 232 solvuntur,
971 199 1023 227 auf.
1051 200 1077 233 d)
1095 201 1127 228 de
1145 203 1177 229 iis
1196 210 1265 236 quae
1283 205 1322 230 rei
1340 205 1382 231 vel
1397 207 1544 235 adhaerent

805 232 846 257 vel
869 233 976 259 aliunde
999 234 1144 270 adduntur,
1168 244 1209 264 an.
1244 238 1303 264 Hoc
1322 241 1379 265 toto
1397 240 1425 265 in
1443 249 1542 274 genere

805 273 886 299 saepe
909 267 1046 294 dubitatur
1066 277 1131 295 num
1148 271 1242 297 tmesis
1261 273 1404 299 statuenda
1423 282 1455 300 an
1475 276 1542 309 adv„

804 307 873 332 quae
905 302 966 334 quia
996 303 1103 329 nomine
1133 305 1301 337 potissimum
1329 306 1467 341 differunt,
1499 310 1543 335 vix

803 334 917 361 discerni
936 339 1043 368 queunt.
1080 340 1105 368 a.)
1122 338 1152 363 H
1168 340 1217 365 130
1237 337 1262 365 ἀ.
1280 343 1381 373 χεῖρας
1397 339 1492 375 ἀείραι
1509 343 1540 370 cf.

802 367 831 393 X
847 370 897 396 399
918 369 946 394 Ψ
961 371 1022 403 882,
1047 380 1055 396 ι
1074 373 1107 398 77
1124 381 1144 403 μ
1163 375 1212 399 402
1232 370 1256 399 ἅ.
1279 374 1357 399 ἱστία
1376 373 1540 410 ἐρύσαντες,

801 402 833 427 cf.
852 402 877 429 h.
896 404 947 437 Ap.
966 405 1024 437 506,
1047 405 1072 430 Α
1091 407 1124 432 32
1147 402 1182 431 ἄν
1201 404 1227 432 δ’
1249 403 1324 432 ἕλετ’
1345 405 1454 435 ἀσπίδα
1473 410 1505 437 cf.
1527 413 1543 442 ξ

800 438 857 462 530.
880 437 906 464 h.
929 439 992 471 Ap.⁷
1007 440 1055 465 140
1077 440 1127 466 318
1153 440 1210 466 Cer.
1235 443 1292 467 286.
1333 443 1357 467 A
1380 445 1431 470 310
1459 441 1484 470 ἀ.
1509 444 1540 470 δὲ

799 469 956 505 Χρυσηΐδα
967 473 1052 505 εἷσεν,
1063 473 1080 497 Ι
1092 475 1122 499 13
1140 473 1163 498 T
1175 475 1224 500 249
1239 475 1255 505 ξ
1268 477 1319 501 432
1334 472 1368 501 ἂν
1385 475 1416 502 δὲ
1429 474 1539 512 ἵστατο,

802 503 834 529 cf.
854 505 874 529 θ
894 508 941 532 110
961 514 976 530 ν
994 508 1026 532 56
1046 515 1068 531 ω
1088 509 1145 541 4-22.
1164 507 1190 533 Β
1210 510 1260 535 100
1277 509 1298 534 θ
1317 511 1365 536 118
1383 510 1409 537 h.
1429 511 1480 537 VII
1497 515 1538 539 47.

803 537 831 562 Ψ
850 539 900 565 812
923 540 943 564 θ
966 542 981 566 3
1007 537 1041 565 ἂν
1059 555 1068 559 -
1087 542 1172 574 (ὀρτο.
1209 541 1321 568 Praeter
1338 551 1440 570 morem
1459 546 1540 572 etiam

800 573 940 604 repetitur:
971 573 999 598 Ψ
1024 576 1072 600 709
1100 572 1135 600 ἂν
1163 574 1193 601 δὲ
1223 573 1366 604 ἀνίστατο.
1407 579 1539 605 Absolute

799 604 906 638 legitur:
935 607 965 632 H
986 609 1034 634 168
1063 606 1098 633 ἂν
1123 607 1155 634 δὲ
1180 608 1257 640 Θόας
1280 610 1312 636 cf.
1332 612 1359 636 Γ
1375 614 1425 639 268
1446 613 1538 641 41755

798 640 847 665 837
870 642 919 667 83ss
941 643 992 668 860
1015 643 1065 667 887
1088 644 1137 668 888
1157 643 1177 667 ¹9
1197 646 1252 670 115.
1288 645 1312 669 Ζ
1332 647 1381 672 331
1401 647 1416 671 I
1438 649 1488 673 247
1512 648 1540 672 Σ

798 675 846 699 178
870 682 886 699 σ
912 676 943 701 13
963 673 1026 700 ἀλλ’
1047 672 1100 700 ἄνα
1119 684 1210 702 verum
1230 685 1318 711 surge,
1339 679 1395 706 auf!
1419 680 1537 707 admittit

797 707 865 733 enim
889 709 1070 742 anastrophen
1094 710 1199 742 quando
1218 719 1267 744 pro
1285 713 1377 745 imper.
1394 711 1535 749 ἀνάστηθι

795 744 843 767 est.
871 742 896 767 P
911 744 958 769 541
979 741 1014 768 ἂν
1033 740 1060 768 δ’
1081 740 1187 777 ἔβαινε,
1207 746 1238 770 cf.
1262 746 1290 770 Ψ
1307 748 1356 773 132
1373 749 1431 774 352.
1449 750 1470 782 β
1487 751 1538 775 419

796 775 812 799 ὁ
835 778 891 803 579.
916 777 940 801 A
965 779 1020 804 143.
1045 777 1073 802 Γ
1088 780 1145 804 311.
1166 779 1180 810 ζ
1199 780 1249 805 252
1268 780 1283 804 λ
1302 783 1325 806 4.
1346 789 1362 805 ν
1379 783 1420 808 75.
1458 793 1466 807 ι
1485 785 1536 810 468

794 805 848 835 άνὰ
869 807 894 836 δ’
911 807 1019 845 ὀφρύσι
1040 813 1133 844 νεῦον,
1152 813 1302 844 superciliis
1325 821 1430 840 sursum
1449 817 1536 849 motis,

792 843 818 867 E
844 846 894 871 793
917 844 952 870 ἂν
976 844 1003 871 δ’
1024 842 1114 877 ἴσχων
1133 846 1295 880 τελαμῶνα,
1316 856 1333 880 ρ
1352 850 1400 875 291
1422 847 1456 875 ἂν
1476 849 1505 875 δὲ
1525 866 1536 870 -

793 877 924 912 κεφαλὴν
948 877 1042 913 ἔσχεν,
1067 879 1098 904 ,Υ
1119 882 1150 905 77
1175 877 1229 904 ἀνὰ
1251 881 1352 914 τρίχας
1371 879 1486 917 ἕλκετο,
1504 884 1537 909 Χ

794 914 843 938 276
863 910 888 938 (Ξ.
909 928 917 932 -
937 909 1062 947 ἦρι-ἔασε,
1082 915 1107 938 Λ
1129 916 1176 940 755
1196 911 1220 940 ἀ.
1241 910 1323 940 ἔντεα
1341 914 1484 951 λέγοντες,
1505 919 1532 944 Φ

794 948 841 973 361
863 943 915 972 ἀνὰ
935 947 966 975 δὲ
986 945 1067 980 (pire.
1089 963 1119 966 —
1138 947 1164 977 b)
1182 947 1208 972 E
1233 950 1282 975 599
1307 945 1362 975 ἀνά
1380 948 1408 975 τ’
1428 948 1532 984 ἔὸρατι3

795 978 908 1006 ὀπίσσω
929 982 976 1008 auf
992 982 1046 1007 und
1064 981 1179 1013 zuriick3
1196 982 1326 1008 translate
1344 984 1374 1009 H
1391 987 1440 1012 110
1458 986 1484 1010 ἀ.
1505 985 1533 1011 δ’

793 1010 881 1047 ἴσχεο,
901 1016 956 1042 sch.
975 1017 1007 1042 A.
1022 1016 1133 1048 (Did.?):
1155 1012 1208 1040 ἀνὰ
1229 1014 1259 1041 δὲ
1279 1015 1361 1049 σχέο·
1387 1015 1533 1053 Ἀρίσταρ-

788 1056 841 1080 χος
860 1047 914 1074 ἀνὰ
939 1047 966 1076 ‹5‘
986 1047 1103 1084 ἄνσχεο,
1129 1046 1256 1081 ἀνάσχου
1277 1051 1320 1080 δὲ,
1340 1052 1395 1078 sch.
1415 1053 1445 1079 V.
1463 1051 1533 1087 Ἀρί-

790 1081 1288 1144 12‘5350202321Hd-
1307 1082 1336 1147 ἐξ
1361 1082 1532 1119 ‘³

789 1151 838 1175 637
856 1159 876 1182 μ
897 1127 947 1177 145ί
964 1161 979 1177 (ι
1000 1138 1049 1179 548
1069 1149 1094 1178 ἆ.
1114 1167 1122 1171 -
1141 1148 1307 1184 πρυμνήσια
1325 1153 1418 1185 λῦσαι,
1437 1155 1461 1179 Α
1480 1157 1531 1181 480

791 1183 806 1208 δ
825 1185 873 1210 783
892 1197 925 1205 =
944 1186 964 1210 θ
982 1188 1015 1213 54
1034 1184 1058 1212 ἀ.
1078 1183 1109 1211 θ’
1131 1184 1208 1211 ἱστία
1227 1183 1373 1212 πέτασσαν
1392 1188 1424 1214 cf.
1439 1197 1457 1213 x
1471 1191 1529 1221 506,

789 1217 865 1244 codd.
885 1220 905 1243 θ
924 1221 955 1245 54
976 1219 1054 1245 etiam
1073 1217 1153 1253 παρὰ
1167 1217 1299 1251 τάννσαν,
1315 1221 1368 1246 sch.
1385 1222 1439 1254 BQ.
1455 1222 1528 1262 κατᾲ

857 1249 1010 1283 τάνυσσαν,
1029 1254 1127 1279 rollten
1147 1253 1199 1279 auf.
1218 1267 1253 1271 —
1276 1253 1302 1278 d»
1321 1254 1350 1278 Σ
1366 1257 1415 1281 562
1435 1254 1459 1282 (Ξ.
1481 1258 1528 1289 βο-

787 1283 871 1317 τρῦες
890 1286 970 1319 ἦσαν,
991 1287 1081 1320 daran,
1100 1287 1193 1320 Heyne
1213 1290 1239 1312 et
1258 1286 1381 1319 Spitzner
1398 1297 1433 1321 lp.
1452 1292 1477 1318 4)
1496 1291 1528 1316 de

787 1326 818 1344 eo
838 1319 909 1351 quod
927 1328 976 1352 per
990 1321 1078 1347 locum
1093 1321 1259 1353 superiorem
1273 1322 1349 1352 quasi
1365 1321 1527 1356 diffunditur,

787 1349 841 1378 ἀνὰ
861 1351 959 1386 ἀλωήν
978 1362 1067 1387 supra.
1095 1355 1176 1380 Faesi
1196 1359 1222 1380 et
1239 1354 1354 1381 Duentz.
1373 1355 1458 1395 durch
1478 1358 1527 1383 deu

785 1393 887 1419 ganzen
911 1388 1077 1415 Weinstock.
1116 1398 1137 1413 ω
1159 1391 1208 1415 343
1228 1385 1253 1414 ἀ.
1273 1390 1418 1428 σταφυλαὶ
1439 1388 1528 1425 ἔασιν,

784 1422 842 1447 Α111.
862 1421 953 1454 daran,
974 1431 991 1455 γ
1005 1425 1054 1449 390
1070 1421 1094 1448 (Ξ.
1109 1425 1242 1456 κρητῆρα
1256 1430 1400 1463 κερασσεν
1414 1425 1527 1451 mischte

783 1461 825 1485 an,
850 1455 865 1480 δ
889 1458 920 1482 41
943 1454 968 1482 ά.
989 1455 1019 1482 δὲ
1039 1459 1092 1489 κρῖ
1109 1453 1221 1489 ἔμιξαν,
1245 1467 1253 1481 ι
1278 1458 1328 1483 209
1350 1458 1453 1488 τδατος
1473 1457 1528 1484 ἀντὶ

783 1485 876 1514 εἴκοσι
899 1488 992 1523 μέτρα
1013 1493 1098 1523 χεῖ-ἐν
1125 1490 1226 1516 affudit.
1263 1490 1306 1528 vir
1334 1496 1408 1517 recte
1435 1493 1525 1520 Herm.

782 1521 815 1548 de
839 1526 908 1555 part.
932 1521 966 1549 ἄν
991 1527 1013 1551 5.
1050 1524 1223 1550 Transfertur
1241 1525 1275 1550 ad
1293 1525 1484 1557 incipiendum:
1508 1536 1525 1560 ρ

781 1557 830 1582 262
847 1554 1046 1591 ἀνὰ-βάλλετ’
1069 1556 1180 1584 ἀείδειν
1197 1558 1252 1584 11111)
1271 1566 1312 1584 an.
1349 1559 1380 1584 In
1397 1564 1455 1585 toto
1473 1561 1526 1587 1100

780 1597 878 1622 genere
901 1588 936 1616 ἂν
958 1600 1012 1618 non
1035 1592 1133 1625 legitur
1154 1593 1206 1618 nisi
1225 1596 1286 1618 ante
1304 1593 1464 1633 particulam
1485 1594 1522 1628 δέ,

781 1628 893 1657 excepto
919 1625 948 1650 Ψ
967 1627 1017 1652 ss?
1035 1626 1081 1651 ubi
1099 1630 1208 1659 praeter
1226 1634 1328 1652 morem
1347 1631 1388 1652 est
1407 1625 1442 1652 ιἰν
1459 1627 1520 1660 μὲν,

780 1672 812 1676 -
832 1658 857 1683 11
875 1659 991 1685 Additur
1010 1660 1153 1692 aliquando
1172 1668 1269 1686 nomen
1288 1660 1523 1703 quod„n0n,viyde-

780 1694 824 1717 tur
846 1693 903 1725 regi
928 1701 944 1719 a
966 1701 1090 1727 praepos
1113 1697 1152 1728 ,1)
1171 1694 1236 1720 Gen.
1256 1696 1276 1727 β
1293 1696 1344 1721 416
1363 1703 1397 1720 αν
1417 1697 1433 1721 δ
1465 1706 1523 1729 (ιρα

783 1724 949 1759 Τηλέμαχος
962 1726 1031 1760 νηὸς
1045 1729 1128 1762 βαῖνε
1144 1736 1158 1753 e
1172 1728 1231 1753 loco
1247 1728 1417 1761 depressiore
1432 1730 1458 1755 in
1469 1732 1523 1756 edi-

778 1759 873 1785 tiorem
896 1761 995 1790 (Herm.
1018 1770 1043 1794 p.
1068 1764 1109 1788 38)
1134 1762 1167 1788 cf.
1193 1770 1208 1787 ο
1233 1764 1289 1788 284.
1314 1777 1347 1780 -
1370 1766 1393 1789 2«
1417 1765 1480 1790 Ace.
1504 1774 1522 1797 γ

777 1794 824 1819 481
847 1791 882 1818 ἂν
902 1792 927 1819 d'
951 1791 1008 1828 ἄρα
1026 1810 1035 1814 -
1053 1794 1161 1829 βήσετο
1182 1796 1295 1829 δίφρον.
1446 1831 1451 1835 ⁴

812 1827 851 1852 ΠΙ
880 1828 977 1862 Praep.
1015 1830 1377 1866 Α113811οΡ110113ε101111ἀ11111
1404 1832 1522 1857 Aristar·

777 1860 855 1886 chum
882 1870 936 1888 non
964 1862 1093 1897 admittit,
1120 1871 1181 1889 nam
1206 1860 1260 1888 ι’(να
1283 1868 1329 1889 aut
1352 1871 1402 1896 pro
1426 1866 1518 1898 imper.

776 1892 919 1928 ἀνάστηθι
949 1900 989 1922 est
1013 1901 1059 1923 aut
1082 1905 1130 1930 pro
1155 1899 1276 1923 vocativo
1299 1897 1397 1923 Herod.
1422 1899 1448 1923 E
1468 1902 1519 1926 824

776 1928 870 1961 Lehrs,
890 1938 931 1962 qu.
952 1937 992 1963 ep.
1013 1933 1053 1958 72.
1080 1931 1168 1956 Aliter
1182 1932 1264 1957 sensit
1279 1938 1301 1957 e.
1317 1939 1330 1956 0
1353 1932 1404 1963 Ap.
1421 1934 1461 1965 30,
1476 1935 1516 1959 22.

724 1982 747 1995 -,
777 1965 800 1989 1)
820 1970 840 1988 c.
860 1970 933 1995 gen:
958 1974 965 1989 ι
989 1967 1037 1991 177
1062 1963 1116 1990 (ἵνα
1141 1964 1210 1998 νηὺς
1230 1962 1307 1998 ἔβην,
1328 1965 1360 1991 cf.
1381 1966 1430 1990 sub
1449 1966 1476 1992 11
1496 1971 1517 1993 1.

736 2005 747 2029 ·,
775 1997 799 2022 2)
819 2004 840 2021 c.
861 1997 925 2023 dat:
945 1997 987 2031 ad,
1008 2006 1049 2031 an,
1070 1999 1122 2031 auf,
1142 1998 1174 2024 de
1193 1999 1225 2024 iis
1244 2006 1312 2031 quae
1332 2000 1517 2031 superioribus

735 2049 744 2055 .
774 2030 896 2061 partibus
920 2039 1008 2057 rerum
1032 2032 1191 2065 adhaerent,
1216 2040 1270 2058 non
1294 2041 1362 2065 quae
1385 2035 1514 2062 omnibus.

773 2063 848 2090 Eust.
873 2067 913 2097 25,
940 2067 977 2091 16.
1002 2066 1092 2092 Herm.
1116 2066 1132 2092 1.
1156 2066 1172 2092 1.
1197 2068 1236 2092 39.
1282 2068 1306 2092 Α
1332 2070 1362 2094 15
1386 2069 1436 2093 374
1459 2065 1515 2094 ἀνὰ

773 2094 919 2131 σκήπτρῳ,
939 2099 1008 2124 oben
1028 2107 1070 2125 am
1085 2100 1203 2133 Scepter,
1222 2100 1298 2126 Eust.
1315 2103 1354 2133 25,
1369 2103 1400 2127 21
1417 2100 1445 2126 οὶ
1460 2101 1513 2134 μὲν

773 2129 834 2156 ἀντὶ
854 2135 904 2164 τῆς
924 2130 975 2157 σι’-ν
995 2152 1000 2157 .
1017 2154 1022 2159 .
1039 2154 1044 2159 .
1065 2132 1092 2159 οἱ
1115 2133 1145 2159 δὲ
1165 2132 1229 2165 άντζ
1247 2138 1300 2160 τοῦ
1315 2132 1382 2167 ἄνω,
1402 2135 1458 2162 sch.
1474 2137 1512 2163 br.

771 2168 796 2189 et
819 2166 945 2198 paraphr.
969 2166 1045 2199 περί.
1082 2168 1109 2194 Ξ
1130 2170 1179 2194 352
1199 2168 1264 2194 fvj-ds
1282 2166 1337 2194 ἀνὰ
1356 2167 1512 2204 Γαργάρῳ,

991 2201 1061 2233 quod
1095 2202 1250 2228 inusitatum
1285 2203 1391 2228 dicendi
1428 2212 1511 2236 genus

778 2297 820 2325 ’ὸν
850 2297 926 2332 ἔχειν
954 2299 1008 2326 (Ξνὰ
1037 2299 1118 2337 ὤμῳ,
1147 2313 1168 2328 ω
1193 2305 1208 2330 8
1231 2303 1286 2329 ἀνα
1305 2304 1331 2329 τ’
1352 2302 1510 2338 ἀλλήλῃσιν

766 2331 888 2365 ἔχονται,
909 2335 930 2360 Θ
948 2338 995 2361 441
1017 2333 1055 2368 ἃμ
1073 2338 1200 2370 βωμοῖσι
1219 2338 1304 2371 τίθει,
1323 2339 1458 2376 ΡοτρΙιῑιχ
1474 2340 1508 2365 ad

764 2367 787 2391 Z
806 2370 836 2393 15
856 2368 895 2394 ed.
917 2368 996 2395 Dind.
1015 2370 1082 2396 Phil.
1103 2373 1142 2404 18,
1161 2374 1211 2398 344
1229 2370 1348 2402 οἰκείως
1364 2382 1506 2406 χρησαμε·

765 2409 815 2430 νος
832 2404 868 2434 τῇ
887 2399 942 2427 ἀνὰ
959 2403 1114 2437 προθέσει,
1136 2406 1261 2438 quoniam
1280 2407 1307 2431 in
1325 2415 1428 2432 summa.
1447 2407 1506 2434 basi

763 2439 906 2468 ponuntur.
930 2451 963 2455 —
986 2440 1012 2469 3)
1035 2446 1056 2465 c.
1081 2446 1136 2466 acc,
1160 2442 1185 2464 al
1207 2447 1300 2473 super,
1325 2441 1370 2473 ad,
1389 2441 1428 2470 in,
1448 2449 1504 2474 per,

764 2469 871 2500 quando
909 2471 972 2503 quid
1008 2479 1113 2498 sursum
1144 2478 1277 2499 movetur:
1314 2475 1371 2508 aut,
1402 2475 1503 2501 hinauf.

762 2502 788 2527 bl
806 2506 881 2528 recta
897 2511 947 2536 per
965 2505 1073 2538 aliquod
1093 2508 1216 2540 spatium,
1232 2508 1386 2542 secundum,
1403 2509 1435 2535 de
1450 2517 1501 2535 unm

761 2536 806 2568 qui
830 2541 950 2564 movetur
972 2544 1019 2565 aut
1042 2540 1074 2566 de
1093 2541 1190 2566 mltis.
1226 2542 1295 2566 0)111
1313 2550 1354 2574 re,
1378 2551 1437 2568 cum
1456 2551 1502 2568 ne—

760 2570 874 2596 minibus
897 2572 1055 2608 abstractis,
1074 2582 1136 2607 per,
1155 2575 1307 2602 secundum.
1343 2577 1369 2608 d)
1387 2577 1420 2603 de
1438 2582 1503 2603 tem—

1286 2623 1299 2642 8
