1705 2767
57 233 120 251 εται
145 227 194 252 καὶ
226 236 275 253 ποι

37 233 112 286 fiuxit.
132 261 187 294 119,
206 262 222 287 3
240 263 298 295 490,
319 265 363 296 113
380 262 455 290 Eust.
476 267 548 299 1757,
567 270 600 294 28
622 270 771 303 πληθύνας

37 290 70 318 τὸ
94 288 186 325 ὄνομα
211 302 231 320 π
314 292 327 301 ”

36 325 133 360 νήσου,
151 329 183 353 cf.
204 336 218 354 e

36 361 136 420 Ξηνὲἳε
149 369 170 420 ἔ
190 364 238 421 1ξὸ
255 363 410 423 (ΙιέῐΒίροῇθ
428 366 507 392 scribi

59 401 75 420 a
117 402 147 420 oc
168 402 183 421 e
219 404 271 422 om.
319 405 336 423 u
356 418 362 424 .

35 429 83 455 233
105 428 130 454 11.
149 429 207 456 Cer.
234 433 295 464 123,
319 431 351 458 cf.
369 432 456 459 Kolbe
479 435 512 461 de
534 437 612 463 suffix

35 461 103 489 hom.
123 464 161 489 10.
197 464 248 490 Est
265 465 354 504 igitur·
364 465 392 491 in
409 467 439 492 Il.
459 472 566 504 quater,
584 472 611 497 in
630 473 676 499 Od.
696 480 770 507 quat-

34 496 195 530 morde-sies,
219 499 247 524 in
264 499 369 532 hymnis
387 503 435 527 ter.
470 502 548 530 Prior
564 506 666 539 syllaba
685 512 725 535 est
742 511 769 535 in

31 529 83 556 arsi
95 531 193 558 sexies:
209 531 237 558 in
250 532 362 560 introitu
375 541 465 561 versus
479 540 529 571 ter,
543 539 651 567 ineunte
666 545 688 568 2.
699 543 769 576 pede

32 562 85 597 {1³13
105 564 133 589 in
155 565 225 591 thesi
247 567 386 600 quinquies
410 569 512 597 decies:
536 575 558 599 1.
577 574 652 606 pedis
675 577 691 601 λ
709 579 767 611 323,

31 599 55 627 2.
69 597 144 630 pedis
161 600 260 633 sexies,
283 603 308 627 3.
327 601 403 634 pedis
421 612 440 636 γ
459 607 505 631 191
530 614 546 631 τ
563 609 626 641 338,
649 610 673 636 4.
692 612 767 643 pedis

31 627 121 662 sexies.
157 632 264 660 Vocalis
286 634 373 662 brevis
395 640 458 663 ante
475 638 528 672 Κρ.
551 642 713 674 producitur.
734 660 766 664 —-

30 670 53 698 τ’)
67 667 114 692 172
137 665 238 701 Κρήτη
261 676 305 699 τις
327 670 389 703 γαῖ’
414 668 472 697 ἔστι
495 672 576 709 μέσῳ
599 674 642 702 ἐνὶ
668 676 765 713 πόντῳ

33 696 104 732 καλὴ
127 701 177 726 καὶ
200 703 314 735 πίειρα,
338 703 514 739 περίρρυτος
539 710 658 740 (Aristid.
682 713 730 739 vol.
754 713 766 738 Ι

33 739 58 766 p.
74 735 123 760 385
141 733 238 769 μέση)·
262 736 292 762 ἐν
313 737 341 762 δ’
360 735 510 772 ἂνθρωποι
529 745 634 770 πολλοὶ
653 743 767 779 ἀπειρέ-

33 771 89 793 σιοι
107 769 157 793 καὶ
176 767 336 803 ἐννήκοντα
349 773 464 806 πόληες,
478 775 524 801 sed
538 776 564 801 B
573 779 623 805 649
638 776 721 806 ἄλλοι
738 782 766 806 ‚9⁷

35 797 62 833 (ᾗ
74 800 190 835 Κρήτην
205 801 402 836 ἑκατόμπολιν
417 807 626 845 ἀμφενέμοντο,
636 813 765 848 Porphyr.

33 834 198 866 Heraclidem
220 842 327 865 secutus
351 840 442 867 decem
465 844 545 870 urbes
567 846 600 871 ab
625 847 765 875 Idomeneo

31 868 92 902 §sive
110 870 144 896 ab
156 871 258 905 Leuc03
277 873 359 900 schol.
369 875 393 899 D
408 877 521 908 Λεῦκος
536 876 551 903 ό
566 880 691 913 Κρητῶν
706 881 765 908 ἐπι-

33 901 186 937 κρατήσας)
207 910 270 939 post
292 907 391 933 bellum
414 909 559 938 Troianum
581 914 683 942 dirutas
707 925 765 943 esse

31 937 122 970 findit,
141 946 250 973 eamque
267 941 300 967 ob
318 949 426 968 causam
444 953 459 969 τ
476 948 523 972 174
541 947 621 974 alium
641 958 699 976 esse
718 960 765 977 nu-

232 292 284 327 ρὸς
311 304 435 329 εμφασιν
461 301 514 324 τοῦ
543 302 688 335 μεγέθους
709 309 770 346 ,τῆς

510 368 652 407 ίιΚρήτην
671 371 719 406 δέ),
737 374 770 400 cf.

34 1086 50 1099 ..-
63 1077 69 1087 '
92 1069 156 1106 ἧτοι
180 1070 231 1101 οὖν
246 1074 441 1110 ἑκατόμπολιν
455 1078 517 1106 ἀντὶ
528 1086 581 1109 τοῦ
591 1085 760 1121 πολύπολιν,

36 1121 37 1124 =
59 1103 105 1132 ἐπὶ
122 1106 174 1134 τὸν
191 1110 331 1144 συνεγγὶτς
348 1114 398 1138 καὶ
417 1111 614 1149 ἀπαρτίζοντα
633 1117 760 1152 ἀριθμὸν

27 1154 53 1181 'st'
78 1139 227 1184 ενήνεκται
246 1148 306 1177 νῦν,
325 1144 355 1171 ἐν
371 1145 422 1173 Ὀδ.
443 1147 474 1174 δὲ
496 1148 529 1176 τὸ
558 1150 678 1192 ἀκριβὲς
700 1153 759 1186 ἐξε-

27 1225 44 1239 ..1
63 1209 136 1236 't0n.
150 1211 176 1239 h.
189 1212 221 1244 l.;
245 1213 301 1239 sim.
320 1215 402 1241 schol.
417 1216 440 1241 D
460 1220 487 1242 et
511 1219 639 1255 Porphyr.
654 1223 678 1249 h.
694 1223 711 1249 l.
731 1227 758 1250 et

42 1253 48 1275 J
71 1243 99 1269 K
109 1246 168 1277 252,
185 1246 302 1273 schol.V
320 1252 347 1274 et
359 1249 408 1282 HQ
426 1250 460 1276 ad
478 1260 493 1276 τ
509 1256 565 1287 174,
583 1255 661 1282 Eust.
682 1259 755 1291 1860,

29 1282 62 1303 ν’
93 1277 168 1305 Eust.
187 1281 245 1314 313,
264 1283 296 1308 36
315 1278 398 1308 ἄλλοι
417 1282 449 1309 δὲ
468 1287 551 1312 εἷπον
571 1285 613 1314 ὅτι
634 1287 755 1322 ἑκατόμ-

32 1311 103 1341 ,λιν
125 1310 141 1338 ὁ
157 1312 286 1348 ,ποιητὴς
311 1315 363 1350 τὴν
386 1316 502 1353 Κρήτην
530 1320 620 1348 εἰπὼν
646 1323 679 1350 τὸ
708 1324 753 1357 ἐφ’

25 1343 45 1365 *w
160 1348 166 1354 ’
371 1351 379 1359 ⁸
408 1351 453 1378 ἐπὶ
478 1358 535 1381 τιῡν
562 1354 578 1390 ἦ

27 1785 106 1822 'oe‚
129 1790 174 1823 qui
193 1792 264 1825 leges
287 1796 423 1828 scripsisse
448 1798 544 1832 dicitur
563 1801 739 1830 Cretensibus.

41 1822 88 1849 523
109 1825 180 1864 (ρήσί
205 1827 232 1851 δ’
254 1826 306 1853 Ὀδ.
331 1830 426 1862 ξεῖνος
449 1834 522 1858 εἰναι
541 1834 639 1868 Κρήτῃ
664 1845 741 1863 ναιε-

31 1863 92 1890 ων,
118 1859 167 1884 οθι
189 1859 310 1892 Μίνωος
333 1863 417 1896 γένος
440 1864 520 1892 ἐστίν
541 1869 607 1900 (cod.
626 1871 638 1895 I
661 1869 740 1904 Κρή-

19 1911 21 1914 ,
55 1889 76 1923 ),
97 1890 130 1917 de
152 1892 203 1920 dat.
227 1903 250 1921 v.
275 1896 382 1930 Capelle
405 1900 457 1926 dat.
481 1901 532 1927 loc.
556 1905 584 1935 7,
606 1903 740 1932 Nahrhaft

19 1942 21 1950 2
37 1931 82 1962 :¹-
99 1924 144 1952 des
161 1927 210 1953 loc.
224 1928 286 1956 Dat.
305 1933 330 1965 3,
348 1932 486 1960 Lehmann
504 1935 592 1963 Lehre
610 1946 669 1964 vom
687 1940 737 1965 Lo-

19 1961 65 1990 -τ1,“
91 1960 135 1992 113
163 1961 196 1987 cf.
221 1963 300 1990 etiam
322 1966 364 1992 La
386 1967 479 1995 Roche
500 1970 603 1997 Ztschr.
627 1972 645 1999 f.
670 1977 736 1999 oest.

38 1997 95 2032 Ῥω.
109 1992 159 2034 Xy
179 1997 245 2022 1864
263 2006 288 2030 p.
302 2001 360 2026 558.
396 2002 425 2027 N
441 2005 492 2030 450
507 2004 598 2036 (Ζεὺς)
620 2010 740 2039 πρῶτον

33 2030 105 2064 ⁴epium!
117 2035 183 2055 τεκε
197 2029 296 2065 Κρήτῃ
313 2031 461 2069 ἐπίουρον,
475 2037 513 2063 ita
521 2039 612 2072 Arist„
629 2040 740 2074 Zenod.,

30 2068 34 2080 ι
53 2067 62 2096 ᾗ,
77 2059 173 2090 Herod.
192 2064 226 2090 ad
243 2066 268 2091 h.
283 2067 300 2092 l.
318 2068 368 2099 (ed.
383 2069 469 2096 Lentz
482 2071 509 2097 11

19 2118 21 2126 ,
91 2093 235 2131 ἔστρεψαν
251 2098 303 2133 τὴν
320 2101 472 2137 πρόθεσιν,
490 2104 591 2140 Κρήτῃ
616 2105 674 2142 ε’πι,
705 2110 737 2136 cf.

39 2137 41 2148 ι
66 2127 142 2161 Soph.
158 2133 214 2165 104,
233 2135 249 2160 7
255 2143 262 2167 3
280 2143 302 2161 v.
318 2139 398 2163 etiam
416 2138 442 2164 in
461 2140 512 2165 hoc
529 2140 581 2167 lex.
601 2149 621 2168 s.
636 2151 658 2169 v.
679 2141 739 2169 ἐπί-

16 2174 21 2185 ·.
41 2168 101 2204 ρος,
122 2164 216 2192 Nauck
233 2169 382 2202 suspicatur
400 2170 522 2206 Κρήτης.
565 2175 594 2200 Ν
610 2178 659 2203 453
683 2177 739 2203 Μί-

19 2197 31 2230 ᾼι
45 2201 59 2224 ς
69 2199 162 2224 tex-5&
177 2197 241 2225 υἱὸν
256 2203 453 2240 Δευκαλίωνα,
468 2208 635 2235 Δευκαλίων
650 2211 678 2236 δ’
695 2208 737 2243 ἔμ’

17 2227 170 2273 effarier)
193 2229 285 2262 ἔτικτε
309 2238 426 2266 πολέσσ’
451 2238 606 2275 ἄνδρεσσιν
629 2241 738 2271 ἄνακτα

20 2269 99 2297 emp
123 2274 154 2291 εν
172 2266 284 2304 εὐρείῃ,
304 2272 336 2299 cf.
355 2274 435 2300 schol.
446 2275 478 2301 V.
514 2276 610 2303 Tradit
627 2278 702 2306 Hom.
722 2288 738 2304 τ

28 2296 53 2322 9
67 2304 125 2324 eum
141 2308 265 2335 regnasse
286 2303 438 2342 ἐννέωρον,
457 2310 528 2342 quod
547 2313 682 2339 commode
696 2321 737 2340 re-

17 2342 23 2376 ,
53 2337 84 2371 111:
105 2333 140 2360 ad
165 2342 240 2363 sacra
259 2338 424 2368 Cretensium
447 2351 518 2369 nono
543 2353 647 2379 quoque
668 2355 737 2374 anno

29 2368 122 2408 -Ρθῒιΐῇ,
134 2376 156 2394 v.
168 2376 188 2396 s.
198 2379 220 2396 v.
233 2369 382 2408 ἐννέωρος.
412 2377 477 2403 Eius
486 2377 541 2404 filia
550 2379 601 2406 fuit
610 2381 735 2408 Ariadne.

33 2397 131 2440 323nv
153 2411 224 2436 πρῖε
249 2406 359 2440 Θησεὺς
382 2407 415 2436 ἐκ
438 2409 554 2445 Κρήτης
577 2412 606 2444 ές
627 2414 736 2448 γουνὸν

41 2463 48 2470 ·
82 2441 142 2473 αων
164 2438 216 2471 ἠγε
237 2440 303 2475 μέν,
331 2441 397 2469 οὐδ’
422 2443 565 2480 ἀπόνητο,
584 2448 616 2474 cf.
634 2449 663 2474 Σ
678 2452 736 2482 592,

2 2497 5 2501 ¹
30 2474 35 2486 ·
68 2470 144 2508 etiam
167 2479 388 2504 commemoratur
410 2478 545 2506 Daedalus
567 2483 665 2509 artifex
692 2484 736 2510 ille

39 2502 139 2530 etensis.
173 2506 271 2534 Minois
289 2517 372 2543 nepos
389 2512 440 2538 fuit
464 2513 618 2543 Idomeneus
635 2518 675 2550 (N
686 2520 736 2544 452

42 2534 108 2570 181),
135 2538 166 2565 cf.
189 2540 332 2570 Gladstone
359 2547 375 2571 7
406 2548 445 2573 19.
491 2548 648 2577 Idomeneus
676 2559 735 2578 cum

0 2571 2 2603 Ξ
52 2583 101 2606 Lex.
114 2587 172 2609 nom.
188 2591 219 2611 021.
235 2592 332 2619 Ebeling.

729 87 842 132 Κρήτη

40 165 110 190 μενα
127 158 178 183 καὶ
197 157 300 190 ἑνικῶς
318 159 528 198 προφέρεσθαι,
547 166 596 191 καὶ
615 164 647 192 ἐκ
665 173 716 195 τοῦ
731 168 774 195 ἐι·-

41 191 138 217 αντίου
151 191 186 217 τὰ
205 190 286 219 ἑνικὰ
304 195 515 230 πληθυντικῶς,
533 199 566 224 id.
582 200 594 225 I
608 203 665 235 342,
679 205 711 230 21
731 204 774 231 λε’-

279 231 385 261 ητικῶς
411 229 534 263 Κρῆται,
562 234 594 259 cf.
615 236 697 264 schol.
716 238 772 273 HQ,

219 330 283 354 tiam
296 330 387 356 Ameis
406 338 466 364 app.
485 333 519 359 ad
538 336 554 364 ξ
570 338 625 364 199.
642 353 675 357 —
688 339 772 372 Ιίρη-

381 398 396 431 ξ
415 402 461 433 45,
480 403 504 427 9.
544 402 727 438 ,Κρήτηθεν
745 408 774 434 Γ

586 437 592 443 ‘
613 439 622 464 i
645 441 698 465 θεν
720 449 771 468 usu

527 2074 568 2106 87,
586 2072 688 2115 2))εἷσὶ
707 2074 739 2101 δὲ
766 2076 790 2101 Ιι

1477 106 1538 137 897

800 173 920 200 Merione
939 176 1047 202 classem
1066 179 1197 211 octoginta
1216 181 1321 207 navium
1335 182 1443 210 Troiam
1461 186 1535 214 duxit

798 207 835 238 (B
853 209 924 241 652),
946 217 998 242 qua
1016 215 1123 244 praeter
1140 214 1345 246 Agamemnonis
1370 221 1396 243 et
1415 218 1536 247 Nestoris

800 241 909 268 classem
926 244 999 270 nulla
1018 249 1075 271 erat
1093 247 1175 273 maior
1196 248 1238 279 (cf.
1254 249 1398 277 Gladstone
1417 254 1450 279 20
1470 257 1537 287 115).

799 274 868 301 Nam
882 277 934 302 iam
949 279 1138 312 antiquissimis
1147 283 1312 315 temporibus
1323 285 1463 313 Cretenses
1473 296 1539 314 nau-

798 308 859 335 ticis
877 311 955 337 rebus
972 313 1112 340 maximam
1127 322 1235 347 operam
1250 317 1349 344 dabant
1362 321 1533 352 permultum-

799 350 849 374 que
863 343 890 369 in
904 346 970 371 mari
984 347 1116 380 valebant,
1130 349 1162 374 ct'.
1178 350 1264 376 Strab.
1274 351 1299 377 X
1312 354 1371 382 481.
1386 353 1463 381 Eust.
1478 358 1537 389 313,

798 379 839 402 41.
880 387 897 410 y
921 381 967 406 191
991 379 1100 412 πάντας
1119 383 1148 407 δ’
1168 380 1327 416 Ἰδομενεὺς
1346 385 1462 422 Κρήτην
1480 387 1537 415 εἷσ-

798 407 880 444 ήγαγ’
898 414 1006 443 (mavult
1023 415 1063 441 La
1080 416 1170 443 Roehe
1194 416 1236 448 εἰς
1260 416 1315 453 ἠγ.)
1339 417 1480 455 ἑταίρους.
1503 439 1535 443 —

796 444 886 471 Insula
905 454 985 480 saepe
1003 453 1112 476 vocatur
1131 448 1230 485 εὐρεῖα
1247 457 1358 487 propter
1375 458 1534 490 magnitudi-

795 485 867 505 nem:
888 480 915 504 N
926 483 975 508 453
990 491 1006 507 ν
1020 485 1070 510 256
1084 486 1135 511 260
1149 485 1165 515 ξ
1179 486 1229 513 199
1242 489 1292 514 252
1309 496 1330 513 π
1343 490 1385 522 62,
1404 491 1437 516 ct'.
1451 492 1532 518 schol.

795 511 842 537 BL
861 513 895 538 ad
909 514 938 539 N
949 517 1007 543 453.
1034 517 1197 545 Mentionem
1211 520 1274 547 facit
1282 525 1534 563 ,poetaumontium

795 546 898 573 insulae
916 557 931 573 τ
945 551 1006 576 338:
1027 548 1076 577 ὅτε
1089 556 1210 585 πρῶτον
1223 554 1340 589 Κρητης
1359 566 1430 591 ορεα
1452 558 1533 593 νιφό-

795 588 862 605 εντα
884 581 1078 618 νοσφισάμην,
1103 587 1149 613 sed
1167 588 1266 614 nullius
1285 591 1394 625 montis,
1418 601 1451 618 ne
1469 594 1533 620 [dae

793 614 907 648 quidem,
927 617 1015 644 adfert
1032 627 1137 653 nomen,
1156 621 1188 649 cf.
1208 623 1288 649 schol.
1302 625 1327 650 A
1344 625 1380 651 ad
1399 626 1428 651 Ψ
1440 630 1487 654 123
1503 633 1529 654 et

793 650 853 675 Am.
876 649 901 675 h.
924 650 940 675 1.
983 651 1209 682 Commemoratur
1235 656 1329 684 fluvius
1352 659 1446 687 Cretae
1474 662 1529 695 Lar-

794 681 877 708 danus
891 692 908 715 y
922 686 983 711 291:
1003 683 1055 716 τὰς
1072 691 1162 721 (νῆας)
1174 688 1273 724 Κρήτῃ
1293 690 1460 728 ἐπέλασσεν,
1479 696 1526 729 ἧχι

792 713 929 747 Κύδωνες
950 715 1048 745 ἔναιον
1064 720 1210 754 Ἰαρδάνου
1228 722 1302 757 ἀμφὶ
1315 725 1434 761 ῥέεθρα,
1449 730 1529 756 urbes

792 749 920 784 Κνωσός,
940 752 1061 787 Γόρττν,
1076 754 1197 790 Λύκτος,
1211 758 1352 800 wantos,
1366 761 1530 798 Λίκαστος,

794 784 1057 821 Φαιστός,Ῥ1’τιον,
1079 789 1177 821 πόλεις
1197 792 1227 817 εί
1251 801 1438 829 ναιετοωσαι,
1462 805 1530 830 quae

792 825 883 844 omnes
897 820 924 845 in
938 821 1025 847 media.
1034 827 1110 855 parte
1120 825 1222 852 insulae
1232 827 1298 853 sitae
1309 832 1369 855 sunt
1378 830 1412 860 (Β
1419 832 1468 857 645
1474 834 1526 865 ss).

793 851 904 878 Videtur
925 854 1006 887 igitur
1027 865 1081 883 non
1103 859 1184 885 totius
1206 860 1309 887 insulae
1333 863 1471 896 imperium
1490 870 1529 892 te-

791 886 879 912 nuisse
890 887 1055 922 Idomeneus,
1066 891 1098 918 cf.
1109 892 1202 919 Hoeck
1213 895 1295 921 Kreta
1305 896 1330 921 H
1342 899 1408 924 182s
1419 919 1425 931 ,
1440 899 1527 925 Buch-

790 919 850 945 holz
857 920 949 948 Real.1
960 925 1010 950 247
1019 925 1088 958 adn.,
1100 926 1244 954 Gladstone
1255 931 1296 961 20,
1306 930 1337 956 cf.
1345 931 1425 957 etiam
1431 932 1527 960 Schoe-

790 961 869 980 mann
882 956 981 989 antiqu.
993 958 1037 984 Gr.
1048 960 1073 984 1ι
1087 962 1136 986 293
1146 969 1167 987 s.
1196 962 1292 989 Portus
1307 964 1384 991 Cnosi
1399 972 1455 992 erat
1469 965 1528 998 Ἀμ-

790 987 870 1018 νισός
888 998 903 1014 τ
924 992 979 1024 188,
998 992 1029 1017 cf.
1045 993 1125 1019 etiam
1142 995 1219 1022 Eust.
1236 999 1308 1026 1861.
1327 1000 1367 1025 43.
1403 1000 1524 1034 Quinque

752 1034 761 1039 —
788 1022 916 1049 tenebant
934 1029 1026 1058 gentes
1045 1027 1161 1055 Cretam:
1186 1038 1201 1054 τ
1221 1033 1268 1057 175
1296 1028 1349 1057 ἄλλ
1382 1034 1410 1058 δ’
1431 1031 1525 1060 ἄλλων

788 1056 906 1088 γλιῦσσα
919 1059 1094 1093 μεμιγμένη·
1110 1060 1140 1087 ἐν
1153 1062 1206 1094 μὲν
1218 1061 1331 1099 Ἀχαιοί,
1350 1075 1382 1092 εν
1396 1068 1423 1093 δ’
1436 1067 1526 1095 Ἐτεό-

787 1098 904 1124 κρητες,
927 1090 957 1118 ἐν
984 1093 1014 1119 δὲ
1036 1094 1175 1127 Κύδωνες
1201 1097 1328 1131 Δωριέες
1354 1109 1384 1126 τε
1413 1103 1473 1127 δῖοί
1496 1112 1525 1129 τε

787 1123 946 1159 Πελασγοί,
969 1128 1055 1154 Strab.
1071 1129 1095 1155 X
1113 1132 1164 1157 475
1182 1130 1249 1162 Terg
1266 1131 1451 1168 Ἐτεόκρητας
1474 1138 1524 1162 καὶ

785 1155 852 1188 τοὺς
871 1157 1013 1192 Κῦδωνας
1032 1160 1212 1196 αὐτόχθονας
1231 1164 1355 1200 ιῗπάρξαι
1381 1168 1470 1203 εἰκός,
1489 1171 1522 1198 ef.

784 1191 860 1218 Diod.
877 1193 899 1219 V
914 1196 947 1221 64
960 1197 1002 1228 So,
1020 1196 1095 1223 Eust.
1112 1201 1184 1229 1861,
1199 1202 1214 1226 6
1224 1208 1265 1234 ss.‚
1285 1202 1449 1229 Schoemann
1463 1206 1478 1230 l.
1495 1206 1520 1238 l.,

783 1225 875 1252 Hoeck
894 1228 905 1253 I
925 1230 975 1255 140
985 1237 1027 1263 ss.‚
1046 1231 1192 1259 Gladstone
1207 1236 1239 1260 20
1249 1242 1277 1267 s.,
1296 1236 1408 1263 Bursian
1423 1238 1517 1271 Geogr.

781 1267 804 1284 v.
825 1260 971 1288 Griechenl.
990 1264 1016 1289 II
1039 1267 1089 1291 534
1098 1273 1144 1299 ss,
1168 1268 1304 1294 Buchholz
1329 1273 1391 1303 248,
1415 1272 1521 1299 Curtius

780 1293 840 1319 hist.
857 1295 916 1321 Gr.¹
930 1296 942 1321 I
958 1299 1006 1323 144
1016 1305 1035 1323 s.
1063 1298 1140 1325 Nunc
1158 1301 1260 1327 insulae
1278 1308 1318 1329 est
1336 1312 1433 1330 nomeu
1447 1308 1518 1339 apud

779 1327 948 1361 Neograecos
961 1331 1040 1363 Kriti,
1060 1332 1160 1359 Turcas
1175 1335 1258 1368 Kirid,
1277 1337 1309 1362 ab
1323 1339 1465 1366 occidentis
1480 1341 1517 1366 in-

778 1361 840 1387 colis
860 1367 970 1390 vocatur
988 1365 1099 1393 Kandia.
1141 1370 1299 1396 Accuratius
1321 1372 1355 1397 de
1378 1373 1456 1399 Creta
1479 1375 1517 1399 di-

747 1403 751 1410 ·
777 1400 951 1429 sputaverunt
974 1399 1061 1426 strab.
1076 1401 1099 1426 X
1122 1404 1248 1436 474-34,
1267 1404 1299 1431 K.
1314 1405 1407 1432 Hoeck
1425 1408 1516 1441 Kreta,

776 1431 791 1455 3
806 1431 874 1463 voll.,
894 1432 1026 1467 Goetting.
1043 1436 1184 1469 1823—29,
1204 1438 1339 1465 Buchholz
1358 1441 1425 1467 110111.
1442 1442 1515 1469 Real.

774 1464 787 1489 Ι
805 1466 855 1491 246
865 1473 907 1498 ss.‚
925 1467 1039 1494 Bursian
1054 1469 1078 1494 11
1097 1472 1145 1496 351
1158 1478 1176 1496 s.
1197 1473 1339 1505 529—581,
1359 1475 1514 1502 Friedreich

742 1518 748 1530 ,
774 1497 848 1525 Real.
867 1502 900 1525 57
910 1508 929 1526 S.
966 1510 981 1526 ι’
999 1504 1049 1529 256
1067 1503 1256 1538 πυνθανόμην
1271 1503 1384 1544 ,Ἰθάκης
1407 1517 1440 1541 γε
1463 1512 1512 1536 καὶ

775 1529 806 1556 ἐν
820 1530 916 1566 Κρήτῃ
933 1533 1031 1568 εὐρείῃ
1047 1538 1137 1569 τηλοῦ
1153 1536 1222 1571 ὑπὲρ
1238 1548 1355 1574 ποντου,
1372 1543 1392 1567 D
1412 1543 1510 1577 Τροίῃ,

774 1567 845 1598 quod
863 1575 1021 1601 receperunt
1035 1570 1138 1603 Kayser
1157 1577 1183 1598 et
1197 1575 1287 1600 Ameis
1306 1576 1390 1601 secuti
1404 1578 1511 1604 Ammo-

736 1614 746 1618 -
772 1600 845 1626 nium
864 1609 888 1633 p.
903 1605 936 1629 58
954 1608 981 1629 et
999 1604 1107 1637 Gregor.
1123 1606 1182 1633 Cor.
1202 1607 1228 1632 in
1242 1608 1324 1635 schol.
1339 1610 1372 1635 ad
1386 1610 1508 1644 Hermog.

688 1628 699 1637 '⁷
736 1648 746 1652 -
771 1641 812 1666 ap.
826 1635 910 1662 Walz.
923 1637 972 1663 VH
991 1646 1016 1670 p.
1034 1640 1110 1672 1134;
1128 1644 1199 1666 recte
1213 1641 1316 1675 Kayser
1333 1643 1376 1675 (de
1389 1646 1508 1672 versibus

736 1682 745 1686 -
771 1668 871 1701 aliquot
884 1670 960 1697 Hom.
977 1672 1023 1698 Od.
1039 1673 1104 1706 disp.
1120 1674 1167 1707 ΙΙΙ,
1181 1675 1302 1702 Beuthen
1318 1679 1390 1710 1868,
1404 1687 1428 1711 p.
1439 1681 1455 1705 5
1465 1682 1509 1711 ss.)

771 1702 890 1735 disputat
900 1709 994 1731 contra
1004 1707 1161 1739 optimorum
1170 1709 1298 1736 librorum
1308 1714 1508 1740 auctoritatem:

723 1736 729 1740 ”
769 1737 857 1776 „quod
875 1739 902 1763 iu
922 1739 1009 1772 Creta,
1027 1749 1104 1773 quam
1123 1743 1172 1768 sibi
1189 1744 1303 1776 patriam
1322 1752 1379 1771 esse
1393 1747 1507 1781 simulat,

771 1778 822 1796 non
844 1779 870 1797 111
894 1772 1068 1800 Troianorum
1090 1777 1160 1809 agris
1183 1777 1221 1803 ait
1243 1785 1271 1804 se
1294 1778 1326 1804 de
1349 1780 1397 1805 illa
1418 1781 1505 1807 insula

768 1805 906 1832 certiorem
926 1815 983 1834 esse
1001 1808 1108 1843 factum,
1127 1810 1161 1843 id,
1180 1819 1238 1837 cum
1256 1819 1284 1838 se
1299 1813 1414 1840 Troiano
1433 1815 1503 1841 bello

768 1838 919 1866 interfuisse
938 1842 1043 1868 minime
1061 1848 1140 1876 neget
1157 1846 1188 1876 (v.
1203 1848 1270 1879 260),
1289 1847 1405 1873 alienum
1420 1849 1502 1875 videri

768 1872 846 1899 debet
861 1894 866 1899 .
883 1894 888 1900 .
903 1895 909 1900 .
929 1875 1039 1902 Falsum
1058 1885 1154 1904 nomen
1171 1879 1273 1906 insulae
1292 1888 1324 1906 ex
1341 1890 1364 1907 v.
1379 1884 1438 1914 260,
1457 1884 1501 1916 qui

767 1914 857 1939 parem
876 1909 1021 1936 clausulam
1039 1911 1131 1944 habet,
1154 1913 1181 1938 in
1199 1913 1294 1940 Troiae
1312 1915 1399 1941 locum
1417 1921 1502 1943 trans-

766 1940 849 1967 latum
868 1942 956 1976 ibique
976 1952 1007 1970 eo
1031 1946 1181 1978 religiosius
1205 1952 1337 1975 servatum
1360 1954 1412 1983 est,
1435 1952 1505 1983 quod

766 1974 793 2000 in
812 1975 896 2002 Ulixis
916 1982 1092 2005 commentum
1110 1980 1137 2005 id
1155 1981 1254 2013 optime
1273 1984 1412 2009 convenire
1426 1989 1503 2017 puta-

766 2009 855 2035 bant‘·.
893 2019 906 2034 ν
924 2014 975 2038 260
991 2010 1164 2047 Ὀρσίλοχον,
1184 2010 1215 2045 ὃς
1235 2014 1265 2041 ἐν
1284 2014 1382 2050 Κρήτη
1403 2018 1500 2052 εὐρείῃ

767 2040 870 2075 ἀνέρας
890 2045 955 2070 νίκα
974 2045 1125 2081 πόδεσσιν,
1153 2050 1169 2079 ξ
1190 2051 1239 2076 252
1265 2047 1422 2084 ἀναβάντες
1446 2051 1504 2078 ἀπὸ

787 2076 882 2111 ’ρήτης
902 2078 1017 2112 εὐρείης
1036 2078 1189 2115 ἐπλέομεν,
1215 2085 1231 2114 ξ
1249 2086 1299 2110 300
1316 2088 1402 2118 (νηῦς)
1421 2083 1504 2126 ἔθεεν

764 2111 873 2142 μέσσον
892 2107 961 2146 ὑπὲρ
981 2113 1105 2148 Κρήτης,
1125 2116 1157 2142 cf.
1177 2117 1260 2143 schol.
1275 2118 1336 2152 ΒΩ,
1355 2120 1371 2149 ξ
1385 2122 1433 2147 301
1454 2129 1502 2147 οτε

766 2143 800 2178 δὴ
820 2145 939 2180 Κρήτην
955 2150 986 2179 (v.
1002 2149 1018 2173 l.
1033 2147 1084 2181 τὴν
1101 2153 1199 2182 νῆσον)
1222 2150 1388 2187 ἐλείπομεν,
1411 2155 1436 2180 11.
1451 2157 1501 2189 Ap.

764 2181 797 2205 30
813 2188 919 2210 οσσους
929 2180 1030 2216 Κρήτη
1041 2184 1064 2208 τ’
1075 2181 1155 2214 ἐντὸς
1164 2181 1231 2217 ἔχει,
1241 2186 1353 2213 inseruit
1366 2188 1389 2213 τ’
1399 2188 1499 2222 Herm.·,

762 2212 788 2238 h.
804 2215 853 2246 Ap.
868 2214 896 2240 P.
906 2217 956 2241 292
971 2214 1150 2249 ἐπεπλέομεν
1163 2217 1237 2252 μέγα
1252 2220 1365 2254 λαῖτμα,
1384 2220 1426 2252 εἰς
1443 2221 1501 2248 Πύ-

763 2247 815 2271 λον
831 2246 863 2273 ἐκ
874 2247 997 2282 Κρήτης.
1025 2251 1151 2278 Testatur
1165 2253 1248 2279 schol.
1258 2254 1361 2288 HMQR
1375 2256 1410 2282 ad
1425 2265 1440 2290 γ
1450 2259 1500 2296 313

763 2281 902 2314 scripsisse
921 2283 1083 2311 Zenodotum
1108 2294 1125 2310 α
1143 2288 1176 2313 93
1198 2285 1304 2320 πέμψω
1326 2289 1354 2314 δ’
1377 2288 1407 2320 ἐς
1426 2291 1500 2324 Κρη-

762 2323 813 2348 την
826 2318 883 2348 (pro
895 2317 1043 2351 Σπάρτην)
1056 2327 1087 2345 τε
1101 2320 1152 2345 καὶ
1166 2317 1195 2350 ἐς
1205 2320 1302 2347 Πύλον
1316 2326 1342 2349 et
1353 2332 1370 2349 α
1381 2326 1430 2351 285
1443 2328 1500 2351 κεῖ-

763 2350 816 2374 θεν
831 2350 859 2374 δ’
874 2349 904 2380 ἐς
915 2350 1034 2385 Κρήτην
1047 2361 1078 2379 τε
1087 2356 1144 2387 (pro
1156 2353 1339 2389 Σπάρτηνδε)
1353 2358 1420 2391 παρ’
1433 2356 1499 2385 Ἰδο-

762 2386 863 2417 μενῆα,
882 2384 914 2410 cf.
933 2387 954 2418 β
971 2388 1021 2412 214
1040 2389 1097 2414 359.
1133 2388 1255 2415 Eundem
1274 2399 1296 2416 v.
1315 2391 1416 2417 addunt
1433 2401 1499 2419 non-

763 2417 828 2442 nulli
846 2422 909 2450 post
932 2428 950 2444 α
968 2421 1013 2453 94,
1037 2421 1069 2448 cf.
1088 2421 1169 2448 schol.
1184 2423 1259 2450 HMS
1277 2424 1311 2450 ad
1327 2426 1347 2459 β
1365 2428 1428 2459 359,
1452 2427 1498 2453 ΗΡ

763 2450 796 2476 ad
817 2452 832 2475 δ
850 2454 912 2485 702,
936 2453 1013 2480 Eust.
1034 2457 1112 2489 1394,
1134 2458 1168 2482 42
1192 2460 1270 2491 1470,
1294 2461 1352 2485 7ss.
1370 2475 1403 2479 -
1427 2461 1498 2487 Plur.

763 2484 907 2517 Κρῆται;
928 2488 945 2518 ξ
959 2489 1006 2514 199
1025 2496 1046 2514 π
1059 2491 1092 2516 62
1110 2487 1143 2515 ἐκ
1159 2489 1213 2521 μὲν
1230 2491 1375 2526 Κρητάων
1392 2495 1499 2527 (Nauck

763 2517 955 2553 Κρηταέωνῖ)
977 2520 1060 2554 γένος
1089 2520 1207 2556 εὔχομαι
1233 2527 1330 2557 (-εται)
1357 2525 1498 2562 εῦρειάων

762 2555 790 2583 (π
809 2555 842 2579 62
860 2555 937 2587 pauci
961 2555 1138 2592 εὐρειτάων),
1163 2559 1195 2586 cf.
1215 2560 1295 2586 schol.
1306 2562 1338 2588 V.
1360 2577 1391 2580 —
1410 2562 1497 2597 Κρή-

1270 2613 1292 2631 5⁶
