1684 2778
136 94 217 126 1168

135 174 166 202 αἵ
183 174 249 202 τόδε
272 176 454 204 ναιετάουσιν
474 188 556 213 ορος,
579 180 605 205 11.
624 178 687 204 XIX
707 180 738 204 19
758 174 867 211 νιῗμφαι

134 209 304 242 ὀρεστιάδες
329 211 502 246 λιγύμολποι
522 215 665 245 φοιτῶσαι
687 210 781 237 πυκνὰ
798 220 868 238 ποσ-

134 245 180 270 σὶν
195 244 241 270 ἐπὶ
259 244 352 279 κρήνῃ
371 245 541 281 μελανύδρῳ
556 246 723 277 μέλπονται,
737 253 796 271 cum
809 246 867 272 Pan

137 278 242 311 syringe
255 280 333 306 canit.
352 278 530 313 νυμφάωνε
555 281 575 305 Υ
589 282 604 306 S
624 277 775 312 νυμφάων.
795 276 826 305 αἳ
842 283 865 306 τ’

133 309 222 338 ἄλσεα
244 311 317 338 καλὰ
336 313 469 345 νέμονται
485 314 533 339 καὶ
547 312 640 347 πηγὰς
654 314 795 353 ποταμίῦν
817 314 866 339 καὶ

131 346 219 372 πίσεα
237 346 382 380 ποιήεντα,
405 348 432 372 Ω
450 349 500 374 616
517 345 617 373 θεάων
635 368 640 373 .
661 369 666 374 .
686 356 780 382 ευνας,
799 357 865 379 νυμ-

133 379 225 413 φάων,
245 378 277 406 αἵ
292 384 315 406 τ’
331 380 400 413 ἀμφ’
417 378 568 413 Ἀχελωίον
586 379 765 416 ε’ῤῥιόσαντο,
783 382 865 408 Arist.

131 414 167 440 ad
189 416 323 441 614—617
352 412 538 448 ιῖθετοῦνται,
566 416 624 442 Did.
643 417 864 448 προηθετοῦντο

131 448 181 473 καὶ
204 448 275 480 παρ’
301 445 507 481 Ἀριστοφάνει.
548 450 563 481 ζ
588 452 636 476 122
663 447 800 482 κουράων
823 471 829 477 .

131 483 224 514 θῆλυς
248 481 333 514 ἀυτή,
362 480 513 515 νυμφάων,
541 480 571 508 αἳ
595 480 691 515 ἕχουσ’
709 482 805 517 ὀρέων
823 482 864 509 αι’-

131 516 207 548 πηνίι
229 514 341 548 κάρηνα
364 516 414 541 καὶ
431 514 524 549 πηγὰς
547 520 686 549 ποταμῶν
704 519 754 544 καὶ
776 518 863 544 πίσεα

131 548 278 581 ποιήεντα,
305 558 321 574 ν
340 551 389 576 104
413 546 547 583 (ἄντρον)
570 550 635 584 ἱρὸν
656 553 807 585 νυμφάων,
834 550 863 577 αἳ

133 583 248 615 νηιάδες
262 581 422 609 καλέονται.
442 584 534 610 eadem
548 585 670 618 leguntur
680 588 730 613 348
743 585 775 612 cf.
786 587 863 612 Eust.

134 620 198 643 1743
217 619 248 643 31
272 614 303 642 ἒν
320 625 377 642 τισι
401 621 459 643 τιῦν
482 616 669 652 ἀντιγράφων
689 619 724 645 οὗ
742 623 863 652 κεῖνται,

133 655 160 676 et
178 658 193 676 a
211 651 341 676 nonnullis
359 651 434 678 libris
453 653 556 679 absunt.
588 662 604 686 ρ
624 656 673 680 211
691 652 801 688 (βωμὸς
818 652 862 679 τέ-

131 690 226 713 τυκτο)
240 682 387 718 νυμφάων,
407 682 457 712 ὅθι
471 685 577 717 πάντες
596 685 784 720 ἐπιρέζεσκον
803 685 863 714 ὁδῖ-

129 727 182 743 ται.
202 727 221 749 μ
232 720 282 744 318
296 718 457 751 νυμφέων
470 721 556 746 καλοὶ
571 722 658 754 χοροὶ
673 721 723 756 ἠδὲ
738 721 862 748 θόωκοι.

128 752 293 784 11.Ven.[93]
308 756 448 786 νυμφῶν
466 752 496 780 αἳ
510 755 601 781 καλὸν
617 751 688 789 ι’)’ρος
701 755 770 782 τόδε
788 764 862 782 ναιε-

128 784 231 811 τάουσι
247 786 386 813 damnatus
399 787 433 813 ab
449 788 594 816 editoribus
614 794 758 822 praeeunte
771 790 863 816 Ruhn-

128 820 208 846 kenio
237 820 270 846 cf.
288 821 464 849 Baumeister.
500 831 515 847 ν
533 825 584 850 350
607 823 706 856 σπέος,
735 821 808 850 ἔνθα
826 823 862 849 σὺ

128 851 236 883 πολλὰς
252 851 389 886 ἔρδεσκες
403 851 556 890 νῦμφῃσι
571 857 727 891 τεληέσσας
742 855 862 889 ἑκατόμ-

129 889 192 920 βας.
222 890 238 918 ξ
250 890 300 915 435
320 888 449 923 νύμφῃσι
463 892 513 916 καὶ
530 889 618 925 Ἑρμῇ
636 892 771 918 Eumaeus
785 899 862 918 sacra

127 922 198 953 facit,
214 931 228 946 ν
238 924 287 949 355
301 920 436 956 νύμφῃς
451 921 581 957 ἠρήσατο
593 923 795 956 εαὈδυσσεὺς,
810 935 833 952 v.
844 926 861 952 1.

127 953 258 988 νύμφαις.
298 956 324 982 h.
347 957 412 983 XIX
434 960 450 985 3
474 955 576 990 ἄμυδις
595 961 683 995 φοιτᾷ
698 959 861 994 χοροήθεσι

86 1004 91 1010 ·
128 989 285 1022 νύμφαις.
320 991 478 1024 Epitheta
501 993 635 1020 adduntur
652 994 784 1020 feminis
803 993 862 1027 νέη,

127 1023 196 1056 φίλη
210 1023 417 1059 καλλίσφυρος,
437 1026 557 1053 deabus
572 1026 745 1061 ἇγρονόμος,
761 1026 862 1054 ἐυπλό-

125 1066 226 1090 καμος,
246 1055 387 1093 ἠύκομος,
409 1059 527 1095 πότνια,
545 1060 708 1096 χοροὴθης,
732 1060 860 1095 α’μῦμων,

125 1093 305 1126 καλυκῶπις,
342 1090 502 1128 ἀμβροσίη,
540 1093 640 1129 οὐρειή
675 1095 860 1131 περικαλλής,

127 1123 295 1159 ὀρεστιάδες
309 1124 492 1162 λιγῦμολποι,
504 1127 652 1164 ὀρεσκῷοι
666 1128 860 1164 βαθύκολποι,

125 1159 205 1193 νηίς,
239 1158 411 1192 ὀρεστιάδες
439 1163 481 1189 vel
507 1167 643 1196 κρηναῖαι
674 1165 716 1191 vel
743 1164 861 1199 νηιάδες

124 1196 229 1226 κοῦραι
245 1194 313 1225 Διὸς
325 1194 500 1229 (αἰγιόχοιο).
528 1198 677 1232 Nymphae,
695 1200 765 1225 Iovis
781 1199 860 1232 filiae,

125 1231 154 1254 ut
180 1228 267 1255 fontes
294 1233 341 1255 aut
368 1235 444 1263 prata
466 1235 513 1258 aut
538 1237 642 1258 montes
663 1233 795 1267 incolunt,
822 1234 861 1260 ita

124 1265 262 1295 κρηναῖαι
282 1263 336 1289 sive
354 1263 469 1296 νηιάδες
483 1270 529 1292 aut
549 1265 711 1300 ιἰγρόνομοι
730 1272 778 1294 aut
796 1264 860 1300 ὀρε-

125 1295 254 1330 στιάδες,
277 1305 345 1330 quae
362 1299 471 1325 eaedem
494 1303 589 1333 postea
612 1300 736 1333 δρυάδες
753 1305 860 1328 vocatae

123 1338 182 1356 esse
195 1330 317 1357 videntur
330 1331 363 1359 cf.
375 1333 398 1357 Z
405 1335 464 1366 420,
478 1334 547 1360 inter
557 1342 586 1360 se
601 1335 795 1362 discernuntur.
820 1339 860 1361 at-

124 1372 175 1397 que
189 1373 249 1390 cum
259 1364 325 1391 deae
335 1366 467 1399 fingantur
481 1371 508 1394 et
522 1369 696 1402 appellentur,
710 1377 763 1396 non
777 1369 860 1396 solum
888 1388 894 1393 -
913 1388 919 1393 -
939 1389 944 1393 -

124 1398 152 1424 in
170 1398 278 1425 deorum
305 1401 415 1427 concilio
442 1402 465 1426 Y
479 1404 495 1428 S
521 1403 631 1435 adsunt,
658 1403 706 1429 sed
729 1404 810 1430 etiam
828 1404 860 1430 ab

124 1432 274 1459 hominibus
296 1441 354 1459 cum
382 1435 504 1467 precibus
528 1440 555 1462 et
581 1437 663 1463 sacris
686 1438 861 1471 implorantur

125 1475 141 1492 ν
159 1469 210 1494 350
227 1469 278 1494 355
305 1468 321 1497 ξ
339 1470 388 1495 435
416 1478 432 1502 ρ
452 1471 501 1496 211
521 1472 578 1497 240.
624 1471 746 1497 coluntur
773 1476 861 1498 autem

126 1508 185 1526 cum
203 1501 237 1526 ad
259 1509 320 1528 aras
338 1502 456 1535 ipsarum
482 1511 570 1530 sacras
597 1514 612 1538 ρ
633 1508 695 1538 211,
725 1510 781 1531 tum
800 1514 861 1532 vero

128 1535 156 1560 in
177 1535 276 1568 antris,
303 1543 416 1568 quorum
438 1537 641 1564 celeberrimum
660 1543 701 1565 est
723 1547 817 1573 specus
835 1540 862 1566 in

127 1569 214 1595 insula
240 1570 333 1596 Ithaca
358 1571 392 1596 ad
411 1571 554 1606 Phorcynis
582 1577 689 1606 portum
716 1574 807 1607 situm,
835 1575 862 1600 'm

127 1611 178 1636 quo
197 1611 278 1630 urnas
301 1608 329 1631 et
353 1605 494 1638 amphoras
519 1609 545 1632 et
563 1607 637 1640 iuga,
661 1608 756 1640 quibus
775 1613 862 1634 vestes

128 1645 277 1670 purpureas
295 1641 428 1673 texerent,
447 1640 527 1666 fuisse
544 1643 624 1674 poeta
642 1646 733 1668 narrat
752 1651 766 1667 ν
785 1646 833 1669 105
842 1651 862 1669 s,

126 1671 197 1704 quod
220 1672 270 1698 etsi
287 1674 449 1700 recentiores
467 1675 585 1701 nonnulli
603 1676 735 1709 reperisse
758 1677 808 1702 sibi
826 1677 862 1703 vi-

125 1708 220 1732 dentur
242 1706 274 1733 cf.
294 1706 353 1732 Gell
375 1707 422 1733 the
446 1708 539 1741 Geogr.
563 1709 592 1735 of
606 1710 698 1736 Ithaca
720 1719 745 1744 p.
763 1712 814 1737 393
833 1719 863 1744 s.‚

127 1739 269 1766 Schreiber
286 1741 381 1767 Ithaka
394 1749 418 1775 p.
430 1744 469 1773 74,
489 1742 657 1770 Sehliemann
674 1744 771 1770 Ithaka
784 1753 809 1778 p.
821 1747 862 1775 21,

121 1773 211 1799 Kruse
222 1774 316 1800 Hellas
330 1775 378 1801 Hb
392 1784 418 1809 p.
428 1778 478 1803 294
492 1776 534 1809 aL,
554 1781 642 1803 tamen
656 1778 721 1804 nihil
740 1786 797 1805 esse
811 1779 862 1805 nisi

123 1815 139 1833 a
156 1810 237 1840 poeta
246 1809 334 1835 auimo
343 1809 434 1835 fictum
443 1811 563 1837 Hercher
572 1812 599 1837 in
609 1812 699 1838 Herm.
710 1813 744 1838 Ib
754 1816 835 1846 p.274
842 1821 862 1839 s.

123 1842 273 1868 luculenter
296 1843 398 1877 docuit,
422 1845 465 1870 cuj
483 1845 596 1872 Bursian
615 1846 712 1879 Geogr.
730 1855 753 1873 v.
773 1847 817 1873 Gr.
837 1847 862 1874 II

124 1884 150 1909 p.
161 1878 218 1907 370,
237 1877 307 1911 Frey
325 1877 352 1903 in
366 1877 398 1904 N.
409 1878 502 1904 Jahrb.
520 1881 584 1906 1883
604 1881 652 1906 vol.
668 1883 718 1907 127
731 1889 756 1914 p.
767 1883 814 1908 721
832 1889 861 1914 s.,

127 1909 262 1936 Voelcker
279 1911 377 1938 homer.
397 1912 565 1946 Geographie
583 1923 608 1947 p.
624 1917 656 1941 69
675 1915 861 1941 assentiuntur.

122 1943 265 1977 Nymphae
283 1950 480 1979 prosequuntur
501 1947 615 1974 Dianam
638 1950 653 1979 ζ
674 1951 720 1975 105
748 1954 775 1975 et
796 1950 862 1976 Bac-

123 1978 218 2009 chum.
247 1987 325 2012 quem
343 1981 510 2007 nutriverunt
529 1982 560 2007 cf.
580 1983 605 2008 h.
625 1982 726 2014 XXVI,
755 1983 861 2016 saltant,

123 2019 182 2038 cum
206 2013 273 2046 Pan,
297 2014 370 2040 cuius
393 2022 509 2041 amorem
528 2015 645 2050 fugiunt,
670 2017 774 2050 syringe
792 2018 862 2044 canit

124 2046 150 2072 h.
175 2046 247 2072 XIX.
283 2047 402 2074 Eaedem
429 2057 488 2075 cum
516 2053 620 2083 κοῦραι
645 2051 811 2084 appellentur
835 2056 861 2078 et

122 2080 156 2106 ad
183 2085 306 2108 naturam
325 2083 474 2115 puellarum
495 2085 617 2116 proxime
640 2085 795 2111 accedentes
814 2086 862 2112 fin-

126 2118 224 2147 gantur
247 2117 262 2148 ζ
282 2118 343 2150 122,
366 2125 417 2143 11011
435 2117 513 2144 modo
531 2118 688 2145 feminarum
706 2127 785 2152 opere
804 2120 861 2146 fun-

125 2153 218 2181 gentes
237 2150 307 2177 telae
333 2158 443 2184 operam
465 2152 529 2178 dant
554 2162 567 2177 ν
587 2155 635 2179 107
657 2162 675 2178 κ
693 2155 756 2185 221,
781 2157 861 2187 atque

124 2184 242 2210 homines
268 2185 307 2210 ita
325 2185 446 2219 diligunt,
470 2190 500 2212 ut
517 2186 637 2213 Eetionis
657 2187 692 2213 ad
710 2188 860 2221 sepulcrum

124 2217 207 2243 ulmos
233 2222 323 2245 serant
345 2220 369 2244 Z
384 2222 449 2253 420,
478 2220 525 2246 sed
549 2221 627 2247 etiam
650 2225 680 2247 ut
699 2222 810 2256 Calypso
834 2227 861 2249 et

125 2251 200 2277 Circe
219 2252 325 2279 Ulixem
343 2261 434 2280 amore
452 2255 649 2287 amplectuntur
668 2264 686 2281 α
698 2258 728 2282 14
747 2264 761 2281 ε
777 2259 825 2283 149
843 2266 861 2282 κ

123 2287 180 2311 333.
201 2291 339 2318 praeterea
350 2288 501 2321 nonnullae,
511 2289 538 2314 in
548 2290 614 2315 Asia
623 2289 777 2323 incolentes,
793 2299 861 2317 com-

124 2324 310 2354 memorantur,
329 2329 397 2354 quae
410 2322 444 2348 ab
457 2323 608 2350 hominibus
621 2323 691 2350 filios
705 2329 860 2357 genuerunt,

123 2361 157 2379 ex
174 2354 269 2386 quibus
288 2363 339 2381 una
353 2356 510 2383 Abarbaree
523 2358 627 2384 nomine
641 2358 799 2391 appellatur.
827 2359 860 2385 cf.

122 2387 145 2412 Z
162 2389 193 2414 21
222 2388 247 2413 Ξ
263 2391 312 2415 444
336 2390 359 2414 Y
375 2392 432 2417 384.
468 2390 500 2416 de
523 2392 618 2424 quibus
635 2400 658 2418 v.
677 2392 728 2419 Ed.
747 2393 860 2419 Mueller

124 2421 219 2447 Philol.
239 2422 289 2448 VII
307 2431 332 2456 p.
353 2426 410 2455 240,
429 2425 554 2451 Welcker
572 2434 610 2459 gr.
626 2426 712 2452 Goett.
731 2426 743 2451 I
761 2435 786 2460 p.
801 2429 860 2461 658,

124 2455 256 2482 Voelcker
274 2457 301 2482 in
319 2457 368 2484 Rh.
388 2458 458 2485 Mus.
478 2461 544 2486 1832
563 2460 574 2485 1
593 2468 617 2493 p.
638 2462 684 2487 111
705 2468 724 2486 s.
743 2476 775 2479 —
795 2461 860 2487 Cum

125 2489 175 2515 diis
193 2494 288 2516 coeunt
308 2498 356 2517 eae
378 2492 523 2526 nymphae,
549 2501 660 2526 quarum
677 2498 782 2528 natura,
801 2503 860 2521 cum

124 2532 177 2550 non
191 2524 252 2551 Iove
265 2529 343 2550 natae
358 2525 488 2559 dicantur,
503 2528 592 2560 paullo
608 2528 659 2554 alia
674 2536 734 2554 esse
747 2529 860 2562 videtur,

125 2558 244 2590 Thoosa‚
268 2559 414 2593 Phorcynis
432 2561 500 2595 filia,
519 2569 587 2595 quae
604 2569 620 2588 a
638 2562 764 2596 Neptuno
783 2563 860 2596 Poly-

748 98 888 136 νυμφίος
906 113 945 117 —
965 95 1020 127 νόν

857 470 864 476 .
891 450 955 476 IIIa
973 459 997 484 p.
1017 452 1067 477 305
1084 458 1103 476 s.

893 179 1018 212 phemurn
1035 180 1139 212 peperit
1161 188 1179 206 α
1196 183 1226 207 71
1247 184 1274 206 et
1291 180 1373 213 Maia,
1391 181 1519 208 Mercurii
1537 186 1623 210 mater

892 213 919 238 h.
941 213 1022 239 Merc.
1041 215 1057 240 3
1075 221 1096 240 s.
1139 213 1228 240 Etiam
1254 214 1324 241 Solis
1352 222 1384 240 ex
1405 213 1516 254 ,Neaera
1542 217 1623 250 filiae,

893 246 1046 273 Phaethusa
1059 250 1085 273 et
1098 247 1236 281 Lampetie
1247 248 1316 274 θεαὶ
1335 251 1362 274 et
1380 257 1488 282 νυμφαι
1503 250 1625 278 dicuntur

892 289 913 312 μ
933 283 989 307 132.
1025 281 1057 307 cf.
1076 281 1162 307 Lehrs
1180 281 1319 315 Nymphen
1341 282 1369 308 in
1391 283 1537 316 populaere
1559 285 1625 310 Auf-
1666 288 1668 292 ’

893 320 981 340 saetze
995 322 1020 347 p.
1030 316 1158 348 89-119,
1177 315 1286 342 Lobeck
1299 316 1332 342 de
1346 317 1520 350 nympharum
1533 319 1623 349 sacris,

892 348 995 375 Preller
1013 357 1051 382 gr.
1066 349 1151 382 Myth.
1169 349 1182 374 I
1200 357 1225 382 p.
1239 351 1289 377 445
1303 357 1333 383 s.‚
1352 350 1535 384 Naegelsbach
1552 352 1623 379 hom.

891 382 983 408 Theol.
1006 390 1031 416 p.
1050 384 1083 409 85
1101 391 1134 415 s.,
1161 383 1273 409 Nitzsch
1294 392 1342 410 zur
1363 384 1411 410 Od.
1435 384 1462 410 11
1483 393 1508 418 p.
1529 388 1576 413 101
1595 394 1625 418 s..

891 416 1018 442 Welcker
1035 425 1073 449 gr.
1093 416 1181 443 Goett.
1199 417 1239 443 III
1256 425 1282 450 p.
1300 420 1332 444 53
1346 425 1376 450 s.,
1393 418 1530 445 Buchholz
1548 419 1623 447 Real.
1668 432 1669 435 ¹

1139 450 1275 484 Nymphas
1297 454 1325 477 et
1341 451 1434 479 Musas
1451 457 1549 479 natura
1565 461 1624 480 eas-

891 484 949 510 dem
967 492 1025 510 esse
1044 484 1179 511 contendit
1193 484 1325 517 Roediger
1338 485 1433 513 Musen
1447 487 1475 513 in
1485 487 1518 513 N.
1529 487 1623 514 Jahrb.

890 518 976 578 {1¹1¹AEss
987 518 1051 579 {ll}
1064 518 1379 586 {sffit-mffiffiffiffl
1410 520 1623 588 ¹Sffq¹¹39¹÷²1⁰2¹1¹2¹3¹

890 586 994 619 Heyne,
1030 573 1222 619 Baumeister,’
1240 574 1388 618 Matthia'e,
1414 575 1489 621 Ilgen
1515 576 1624 623 Νύμφῆ

889 620 1018 653 scribunt3
1045 620 1116 653 apud
1142 624 1247 646 veteres
1278 621 1463 653 grammaticos
1489 626 1516 649 et
1541 631 1624 649 unum

890 657 917 680 et
939 654 1052 680 alterum
1074 654 1179 686 legitur.
1193 668 1227 673 —
1242 654 1393 681 collocatur
1409 663 1462 682 vox
1479 659 1507 682 et
1523 656 1550 682 in
1568 657 1623 683 arsi
1668 670 1669 673 =

889 688 1045 721 plerumque
1063 688 1150 721 prima
1165 688 1208 715 vel
1226 688 1326 720 ultima,
1344 689 1432 715 rarius
1448 689 1480 715 in>
1498 691 1622 724 secunda,
1663 706 1666 718 ι

889 725 916 748 et
933 722 961 748 in
978 722 1060 755 thesi,
1085 722 1204 755 inpn'mis
1226 722 1355 756 secunda,
1373 723 1484 756 singulis
1503 723 1570 751 locis
1586 725 1626 751 le-

888 756 960 789 gitur
978 756 1005 782 in
1023 756 1122 797 prima,
1140 757 1234 789 tertia,
1253 760 1355 789 quarta.
1389 756 1541 790 (νυμφίος.)

923 799 1069 823 νυμφιος
1081 792 1107 823 (a
1125 788 1229 822 νύμφη.
1252 790 1284 816 cf.
1300 790 1355 817 Leo
1369 790 1462 824 Meyer
1474 792 1525 824 vgl.
1540 792 1584 818 Gr.
1599 792 1625 819 11
1667 795 1669 798 ’

888 832 914 856 p.
924 826 982 855 456,
997 824 1133 850 Vam'ceck
1146 824 1222 851 E.W.
1241 832 1266 857 p.
1276 826 1334 851 430.
1366 824 1399 850 de
1417 829 1529 852 accentu
1541 825 1626 852 tradit

888 858 987 884 Herod.
1007 866 1035 883 π.
1054 866 1118 889 μον.
1137 856 1194 888 λέξ.
1214 866 1238 890 p.
1258 859 1290 884 19
1307 859 1339 885 31
1359 857 1452 885 πολλὰ
1471 856 1526 893 γάρ
1546 857 1625 886 ἐστιν

889 890 932 921 εἰς
951 900 984 922 ος
1006 890 1134 924 λήγοντα
1156 893 1280 926 καθαρῷ
1301 891 1342 926 τῷ
1366 902 1375 917 ι
1397 894 1494 925 παραλ
1515 891 1625 926 γόμενα
1662 899 1666 904 “

887 926 938 950 καὶ
956 925 1185 959 παροξυνόμενα,
1205 923 1244 956 ὡς
1261 925 1295 951 τὸ
1310 947 1316 952 .
1331 946 1337 952 .
1356 926 1481 959 νυμφίος
1537 925 1547 953 ἱ
1566 929 1625 954 δια-

889 957 984 993 φόρου
999 959 1225 993 σημαινομένου,
1239 961 1300 986 Arc.
1311 968 1335 993 p.
1346 963 1377 986 41
1390 963 1423 987 22
1437 961 1487 987 καὶ
1501 960 1626 994 νύμφιος

889 989 972 1024 οἶκος
985 992 1255 1027 προπαροξύτονον,
1273 993 1400 1027 νυμφίος
1415 993 1447 1020 δὲ
1465 989 1481 1021 ὂ
1499 994 1626 1029 γαμὲτης
1662 996 1667 1028 ζ

887 1025 1098 1061 παροξίτονον,
1116 1028 1150 1054 cf.
1165 1028 1302 1061 Goettling
1319 1029 1380 1055 Ace.
1399 1037 1425 1061 p.
1441 1031 1498 1063 172,
1516 1029 1626 1056 Lobeck
1665 1034 1667 1046 ²

887 1062 972 1095 paral.
995 1071 1020 1096 p.
1039 1063 1097 1090 355.
1133 1061 1165 1088 de
1188 1061 1378 1095 significatione
1401 1063 1482 1090 schol.
1501 1063 1526 1089 V
1548 1063 1582 1090 ad
1606 1073 1623 1096 η
1659 1072 1665 1098 ‘.

887 1097 920 1123 65
939 1096 1077 1129 νυμφίον·
1100 1096 1206 1122 νεωστὶ
1228 1094 1414 1130 γεγαμηκότα
1432 1099 1459 1123 et
1475 1096 1558 1123 schol.
1577 1097 1624 1123 AB
1662 1103 1667 1118 l

887 1129 921 1156 ad
944 1130 1033 1170 111223
1053 1131 1140 1171 δῃλοῖ
1155 1127 1172 1163 ἢ
1192 1128 1269 1161 λέξις
1287 1129 1415 1156 ἐνταῦθα
1432 1131 1482 1156 καὶ
1499 1130 1552 1157 τὸν
1569 1127 1624 1165 ἤδη
1663 1133 1667 1143 ’

887 1163 1628 1242 ῗὲτέἵὲφῇΐδὲῗτιΕξοῗὴῖἒῂέΕἷὲἷοῗὲνηζὲἓνῖῗ
1659 1181 1665 1187 ¹

888 1229 945 1257 ἀπὸ
969 1232 1023 1258 τοῦ
1047 1229 1142 1266 γάμου
1165 1231 1323 1270 βιώσανταΖ
1363 1228 1440 1263 ἅπαξ
1458 1231 1490 1258 δὲ
1513 1241 1626 1272 ειρηται

889 1263 904 1298 ἡ
921 1264 1005 1297 λέξις.
1042 1266 1090 1293 sed
1105 1275 1128 1294 v.
1143 1266 1262 1292 Car-nuth
1275 1267 1358 1293 Arist.
1372 1266 1407 1292 ad
1424 1266 1442 1293 l.
1452 1266 1470 1292 l.
1497 1266 1531 1293 cf.
1546 1271 1626 1294 etiam

887 1299 919 1325 E.
938 1300 974 1325 M.
993 1302 1044 1327 608
1061 1303 1095 1327 40
1114 1300 1160 1326 ubi
1183 1304 1325 1334 praeterea
1346 1300 1430 1326 mirae
1448 1300 1626 1328 derivationes

886 1333 1047 1366 traduntur.)
1064 1341 1173 1375 sponsus
1182 1334 1224 1360 vel
1237 1334 1356 1360 maritus.
1375 1344 1393 1367 η
1408 1335 1442 1361 65
1459 1334 1625 1368 νυμφίον,

967 1367 1038 1399 μίαν
1065 1366 1130 1402 οιἠν
1156 1369 1247 1394 παῖδα
1274 1367 1395 1394 λίποντα
1421 1376 1456 1395 sc.
1482 1369 1628 1396 Rexenora
1655 1379 1657 1381 ·

889 1402 917 1427 Ψ
933 1404 982 1429 223
1009 1400 1115 1433 παιδὸς
1133 1422 1139 1428 .
1164 1422 1170 1428 .
1194 1401 1355 1434 νυμφίου.
1374 1417 1407 1421 —-
1426 1402 1580 1430 Conocatur
1597 1403 1624 1430 in

887 1443 976 1462 versus
995 1436 1077 1463 initio.

921 1466 984 1496 νῧν
1000 1470 1126 1501 (refertur
1143 1470 1178 1496 ad
1196 1470 1306 1503 stirpem
1323 1478 1397 1503 pron.
1416 1470 1470 1497 skr.
1489 1478 1538 1509 ¹¹.¹¹²
1556 1471 1626 1498 unde
1664 1505 1665 1508 Ἴ

888 1512 922 1529 νυ
942 1504 1059 1535 ducitur,
1086 1505 1169 1537 stirpe
1186 1512 1221 1530 na
1240 1506 1350 1531 auctam.
1388 1504 1420 1544 gf.
1439 1504 1576 1531 Vamceck
1593 1506 1626 1533 E.

889 1538 932 1563 W.
951 1546 976 1571 p.
995 1540 1053 1565 438.
1089 1538 1141 1564 Sed
1164 1538 1241 1564 Eust.
1259 1540 1293 1565 52
1311 1540 1344 1564 22
1368 1546 1444 1577 ουτω
1468 1538 1518 1564 καὶ
1539 1537 1573 1564 τὸ
1592 1548 1626 1565 νυ
1651 1564 1654 1566 .

889 1570 1197 1605 παραπληρωματικὸν
1219 1569 1282 1598 ἀντὶ
1300 1572 1352 1598 τοῦ
1373 1572 1421 1606 δη,
1435 1571 1626 1613 ,σπανιώτατα

889 1604 950 1638 μὲν,
968 1606 1078 1639 γίνεται
1103 1606 1127 1632 δ’
1151 1602 1230 1638 ὅμως
1254 1603 1464 1639 ἐφελκυστικον
1485 1605 1558 1634 ποτὲ
1574 1610 1645 1634 τοῦ.

892 1649 905 1665 ν
924 1641 973 1665 καὶ
994 1637 1064 1666 αὐτὸ
1084 1640 1117 1667 cf.
1135 1640 1170 1666 ib.
1186 1642 1252 1667 1312
1267 1642 1307 1666 17.
1333 1640 1443 1667 Lobeck
1459 1641 1532 1674 path.
1552 1641 1586 1668 el.
1599 1641 1627 1668 II

890 1682 914 1707 p.
936 1676 985 1701 194
1004 1677 1054 1699 νῦν
1079 1674 1227 1708 temporale
1258 1674 1434 1708 primitivum,
1457 1674 1519 1701 hinc
1545 1675 1626 1702 encli-
1656 1684 1658 1686 ’

889 1708 971 1734 ticum
993 1707 1046 1734 νὺν
1067 1709 1167 1735 factum
1189 1712 1216 1735 et
1238 1708 1324 1735 denuo
1347 1706 1379 1734 νὺ
1398 1708 1510 1742 iudicat,
1532 1709 1575 1736 cui
1594 1710 1625 1738 G.

890 1742 1026 1768 Hermann
1049 1750 1091 1776 op.
1106 1743 1144 1769 IV
1161 1745 1178 1769 4
1201 1742 1352 1769 assentitur.
1394 1751 1418 1769 v.
1440 1745 1583 1777 praeterea
1604 1751 1625 1771 s.

890 1785 913 1802 v.
936 1774 968 1801 νὺ
996 1780 1023 1802 et
1049 1777 1082 1803 de
1108 1784 1140 1803 ea
1161 1777 1263 1803 ratione
1285 1783 1354 1810 quae
1371 1776 1442 1803 inter
1458 1777 1511 1803 νῦν
1528 1781 1556 1803 et
1575 1776 1626 1804 νὺν

890 1810 1031 1836 intercedit
1049 1818 1070 1838 s,
1089 1819 1111 1837 v.
1131 1809 1191 1838 νῦν.
1227 1810 1261 1837 de
1279 1814 1390 1837 accentu
1408 1814 1513 1837 veteres
1530 1811 1626 1839 docent

889 1843 922 1904 3}
946 1845 996 1904 ²2:¹33
1022 1841 1626 1912 {⁷25³‘ittam-{⁶¹¹35:5253222‘535355ss33
1661 1851 1663 1854 ⁴

889 1912 993 1938 Charax
1012 1921 1037 1946 p.
1058 1916 1135 1947 1155,
1158 1914 1218 1940 Joh.
1237 1913 1313 1939 Alex.
1332 1921 1357 1946 p.
1376 1914 1407 1940 31
1428 1915 1469 1946 10,
1491 1913 1571 1940 schol.
1590 1913 1624 1940 ad

888 1947 1022 1980 Aristoph.
1042 1947 1111 1973 Plut.
1129 1950 1194 1981 4143
1216 1947 1313 1974 Herod.
1333 1947 1415 1973 schol.
1433 1948 1458 1973 A
1476 1947 1511 1974 ad
1530 1947 1557 1973 Φ
1572 1949 1623 1975 428
1665 1951 1668 1963 ¹

889 1977 999 2013 εἴρηται
1020 1977 1062 2006 ὅτι
1081 1979 1115 2006 τὸ
1134 1982 1186 2007 νῦν
1209 1979 1256 2007 αἐὶ
1281 1979 1361 2014 παρὰ
1383 1983 1426 2016 τῷ
1446 1984 1552 2014 ποιητῇ
1574 1989 1623 2008 πε-
1658 1994 1668 2014 -i

889 2018 1039 2047 ρισπιῖται,
1058 2013 1086 2040 εἰ
1103 2014 1142 2049 μὴ
1161 2014 1269 2048 μέτρον
1294 2014 1418 2049 κωλύοι,
1440 2015 1513 2042 locos
1531 2016 1559 2041 K
1574 2017 1622 2043 105
1663 2016 1667 2040 ¹]

892 2050 975 2075 i1¹485
986 2049 1103 2077 laudans,
1118 2049 1149 2076 cf.
1161 2050 1241 2076 schol.
1253 2050 1274 2075 P
1284 2049 1318 2075 ad
1330 2058 1343 2075 ε
1354 2051 1411 2076 146.
1429 2049 1511 2075 schol.
1520 2049 1543 2075 B
1552 2049 1586 2076 ad
1596 2049 1622 2076 Φ
1665 2057 1667 2072 ³

887 2084 938 2110 4ffi
956 2081 1002 2109 ἀεὶ
1019 2081 1052 2108 τὸ
1073 2083 1124 2109 νῦν
1142 2083 1293 2117 φυλάσσον
1311 2082 1363 2109 τὸν
1379 2081 1488 2123 χρόνον
1504 2083 1554 2124 xa}
1570 2083 1628 2110 τὸν·
1665 2108 1667 2116 ‚

887 2116 974 2142 τόνον
998 2115 1152 2149 φυλάσσει·
1176 2116 1208 2144 εἴ
1225 2126 1282 2143 που
1306 2115 1338 2143 δὲ
1361 2118 1488 2150 συσταλῃ
1509 2118 1556 2143 δια
1573 2115 1623 2150 115-

887 2159 956 2184 τρον
975 2149 1143 2184 &xiia-svm,
1163 2152 1300 2184 Goettling
1313 2153 1375 2178 Ace.
1393 2160 1419 2185 p.
1433 2153 1491 2179 398.
1523 2151 1626 2190 sed-12
1664 2180 1665 2187 ,

887 2185 980 2212 Roche
1011 2185 1086 2212 Hom.
1115 2187 1192 2213 Text.
1219 2195 1244 2220 p.
1268 2188 1318 2212 318
1337 2193 1357 2212 s.
1385 2194 1448 2211 num
1481 2185 1622 2212 enchueon
1663 2189 1682 2220 3¹

887 2219 976 2249 fuerit.
995 2219 1110 2253 dubitat,
1136 2220 1206 2253 quod
1224 2218 1412 2254 ἐγκλίνεσθαι
1434 2220 1457 2246 si
1474 2219 1555 2246 verbo
1572 2226 1606 2245 π
1663 2231 1665 2233 -

887 2255 1074 2314 vrttes.
1095 2255 1285 2315 effigere..
1312 2250 1618 2314 {effendit-¹03³
1662 2294 1666 2302 »

888 2324 936 2348 105
961 2322 989 2347 Ψ
1005 2324 1054 2349 485
1082 2322 1212 2348 scribitur.
1257 2322 1289 2348 cf.
1315 2322 1396 2349 etiam
1422 2321 1502 2348 schol.
1528 2321 1626 2348 Euri
1663 2330 1665 2333 ¹

887 2355 950 2382 Hec.
969 2357 1018 2382 975
1036 2355 1081 2382 inf.
1101 2356 1117 2382 l.
1154 2356 1187 2382 de
1209 2357 1315 2383 notione
1332 2357 1456 2390 leguntur
1477 2363 1519 2388 ap.
1537 2355 1593 2382 sch*
1610 2355 1617 2363 ’“

887 2390 920 2415 ad
946 2390 1038 2422 Eurip.
1065 2390 1129 2416 Hec.
1157 2390 1197 2416 ed.
1224 2391 1320 2417 Matth.
1347 2392 1398 2418 975
1423 2389 1457 2416 τὸ
1483 2398 1535 2415 νυν
1565 2397 1581 2415 ο
1618 2401 1620 2404 ¹

888 2420 946 2449 ἔστι
959 2422 1099 2456 χρονικὸν
1114 2422 1241 2450 ἐνταῦθα
1256 2423 1540 2464 συμπερασματικὸν,
1559 2433 1567 2445 ι·
1605 2431 1619 2436 ’·
1662 2439 1664 2442 >

887 2460 939 2483 τοῦ
958 2457 991 2490 δη
1011 2458 1232 2492 λαμβανόμενον
1250 2455 1345 2490 ὥςπερ
1362 2459 1412 2484 καὶ
1431 2466 1462 2483 το
1481 2466 1516 2497 νυ,
1528 2464 1597 2491 παρ

886 2490 1117 2525 πληρωματικόν.
1154 2495 1282 2526 χρῶνται
1307 2492 1337 2519 δὲ
1360 2495 1402 2527 τῷ
1425 2491 1457 2517 νύ
1479 2499 1566 2523 μονοι
1594 2502 1597 2510 r

885 2525 1016 2559 ποιηταί,
1044 2529 1084 2560 τῷ
1108 2525 1140 2552 δὲ
1166 2526 1216 2552 νύν
1242 2527 1293 2553 καὶ
1319 2526 1438 2560 ποιηταὶ
1459 2525 1509 2567 καὶ
1535 2526 1563 2550 λ
1595 2536 1598 2545 r

885 2559 974 2586 ποιοί.
1019 2557 1081 2586 ἴσθι
1109 2560 1140 2587 δὲ
1160 2557 1204 2587 ὅτι
1227 2581 1233 2587 .
1253 2582 1259 2588 .
1286 2558 1320 2587 τὸ
1349 2559 1381 2587 δὲ
1408 2559 1458 2586 νύν
1481 2559 1544 2585 αντὶ
1587 2570 1590 2579 1
