1684 2778
117 111 198 142 1126

117 193 158 219 Gl.
176 192 222 218 Nr.
235 194 290 219 144.
327 191 437 217 Lobeck
455 190 526 224 path.
547 190 579 215 el.
599 190 610 214 1
629 198 653 222 p.
666 191 697 215 19
716 189 759 214 lat.
778 196 850 215 moe-

118 227 162 253 nia
179 229 319 259 cognatum
338 233 396 252 esse
414 228 500 258 putat,
519 223 653 249 Vanieeck
668 223 744 248 E.W.
764 231 788 255 p.
800 225 848 249 731

117 269 151 287 ex
167 261 266 293 ,av-vjoe
290 263 377 286 ortum
395 260 429 284 ad
451 258 506 284 rad.
527 258 580 282 skr.
600 264 657 282 111av
676 256 766 289 ligare,
786 257 850 282 Cur-

115 295 168 321 tius
188 294 280 320 Grdz.⁶
298 303 323 327 p.
343 296 392 320 324
414 292 448 318 ad
471 292 524 317 skr.
544 291 595 316 miv
622 291 667 316 lat.
687 298 791 316 movere
810 298 850 316 re-

116 329 176 355 fert.
213 329 245 354 de
272 331 385 353 accentu
409 330 435 351 et
458 334 473 350 υ
497 324 580 350 vocali
608 324 686 359 longa
710 333 732 351 v.
753 324 848 350 Herod.

115 363 182 396 περὶ
211 364 285 395 διχρ.
310 361 349 386 ed.
370 360 454 386 Lehrs
472 367 497 391 p.
512 360 574 390 350,
603 359 711 384 Cramer
730 359 780 384 An.
801 359 850 385 Ox.

116 398 155 423 111
165 405 189 430 p.
201 398 250 422 287
263 398 312 425 13.)
325 394 465 420 simulatio.
489 402 509 424 ψ
522 395 567 418 111
583 389 621 424 μὴ
638 390 763 426 μύνῃσι
777 401 849 425 παρ-

116 430 213 457 έλκετε
237 439 259 457 v.
279 430 294 455 l.
318 424 409 461 ὥρησι
431 427 452 451 h'
473 433 513 458 ap.
533 426 572 450 La
592 425 690 451 nuche.
724 426 756 452 cf.
770 427 849 452 etiam

117 464 216 497 Friedl.
228 463 289 489 krit.
300 463 408 488 Benutz.
424 461 448 486 d.
464 456 511 486 ἅπ.
528 458 580 491 εἰρ.
596 460 664 485 Phil.
681 462 744 486 1851
756 468 780 493 p.
792 463 848 486 242.

152 501 275 530 111ῦιής.
316 496 423 529 Mynes,
450 494 537 519 Eueni
555 494 635 526 tiliuS,
662 494 706 526 qui
724 494 849 527 Lyrnessi

118 532 254 565 regnabat.
287 531 309 555 T
318 531 366 556 290
380 527 465 554 πόλιν
484 527 580 553 θείοιο
596 527 746 561 Μύνητος,
766 528 789 553 Β
800 530 850 554 692

118 566 173 592 κὰδ
198 565 227 591 δὲ
247 562 358 597 Μῦνηϊ
378 560 490 596 ἔβαλεν.
526 561 660 595 Lyrnesso
683 562 747 588 urbe
767 565 851 595 capta,

119 600 153 626 ab
172 599 275 625 Achille
297 596 434 623 occiditur.
470 598 550 628 atque
569 603 602 621 ex
621 596 709 628 priore
727 596 785 622 loco
807 597 852 622 ubi

119 634 218 659 Briseis
240 632 377 664 coniugem
399 638 474 656 suum
497 630 587 655 eodem
607 630 652 655 illo
671 634 789 663 tempore
808 638 851 656 ne-

118 672 205 693 catum
219 673 277 692 esse
292 668 390 697 narrat,
405 664 486 690 schol.
498 664 521 689 D
536 664 570 689 ad
584 664 609 688 B
619 666 669 690 692
679 667 705 690 et
714 664 790 690 Eust.
802 667 851 690 322

118 704 150 728 32
173 700 285 726 eundem
307 699 388 724 fuisse
407 699 543 731 Mynetem
565 698 710 730 coniciunt,
733 698 759 724 id
783 698 852 730 quod

118 738 198 768 poeta
216 742 268 759 non
282 733 370 759 tradit.
402 732 435 757 de
449 735 558 758 accentu
573 736 599 758 et
614 732 769 758 formatione
782 733 852 758 vocis

117 778 141 796 v.
159 768 258 794 Herod.
282 767 363 793 schol.
387 768 411 792 A
433 766 466 792 ad
491 766 513 791 O
527 768 583 792 302.
604 781 636 784 -
660 767 692 792 ct'.
712 766 791 792 Iluhn
810 766 852 791 die

117 810 207 835 geogr.
226 802 388 827 Kenntnisse
408 800 454 826 der
472 800 574 832 Epiker
592 800 617 826 II
636 809 660 833 p.
675 802 698 827 6.

135 835 275 871 -μῦρίκη
288 835 406 868 (originis
420 834 536 860 incertae
551 842 608 860 vox.
628 835 742 868 Hesych.
754 835 853 868 p.1894

119 872 198 900 εἰδος
218 868 349 902 δένδρου,
374 866 541 900 ὀνομασθὲν
560 866 617 893 ἀπὸ
635 871 687 894 τοῦ
706 866 853 901 μύρεσθαι

119 902 171 938 τὴν
199 902 240 934 εἰς
268 900 338 928 αὐτὸ
365 901 589 936 μεταβαλοῦσαν
616 901 689 928 κατὰ
716 900 784 932 τοὺς
806 900 855 934 μύ-

120 940 201 971 θους,
215 938 267 971 τὴν
278 936 406 970 Κινύρου
422 934 576 969 θυγατέρα.
596 936 739 962 Hoffmann
753 939 853 969 quaest.

119 973 188 999 hom.
208 973 219 998 I
239 980 264 1005 p.
281 973 329 998 152
356 971 389 997 ad
416 970 471 996 rad.
491 978 574 1002 smar,
602 971 643 996 cui
671 971 755 996 subsit
781 971 855 996 notio

120 1006 244 1040 poliendi,
263 1005 358 1031 deinde
377 1004 486 1037 nitendi,
505 1004 587 1030 refert
605 1008 632 1030 et
649 1012 664 1030 a
679 1005 749 1030 foliis
764 1004 855 1031 nitidis

119 1049 212 1067 nomen
237 1040 343 1065 duxisse
370 1042 454 1072 putat.
491 1039 569 1064 aliter
592 1039 693 1072 Benfey
714 1039 755 1064 W.
774 1039 804 1065 L.
830 1038 855 1064 II

119 1083 144 1108 p.
163 1078 205 1101 41.
241 1074 350 1100 Lobeck
378 1073 448 1106 path.
473 1073 539 1106 prol.
562 1081 586 1106 p.
601 1075 651 1099 326
679 1076 706 1098 et
725 1066 856 1098 Woerne'r

119 1109 202 1135 subst.
222 1108 299 1135 Hom.
318 1107 413 1141 appell.
434 1107 486 1132 ind.
505 1115 530 1139 p.
548 1110 576 1133 11
597 1114 613 1132 a
631 1104 724 1139 μύρον
743 1107 855 1138 ducunt3

120 1143 167 1169 sed
181 1143 237 1168 Leo
252 1142 346 1175 Meyer
365 1141 414 1173 vgl.
430 1141 475 1167 Gr.
494 1141 519 1166 II
537 1149 561 1174 p.
573 1143 622 1167 503
642 1145 668 1167 et
686 1145 796 1174 propter
814 1148 856 1166 ac-

119 1180 226 1203 centum
245 1180 272 1202 et
290 1179 400 1209 propter
415 1185 423 1200 ι
439 1175 555 1201 vocalem
574 1175 738 1208 productam,
753 1183 815 1201 num
829 1175 856 1200 id

120 1211 179 1237 fieri
206 1210 304 1244 possit,
333 1210 445 1236 dubitat.
489 1209 543 1234 Alii
571 1217 660 1235 vocem
688 1210 856 1242 peregrinam

122 1249 203 1278 atque
222 1245 371 1270 semiticam
395 1251 452 1269 esse
475 1243 594 1269 iudicant
612 1243 645 1268 cf.
660 1243 769 1269 Wiener
787 1243 855 1269 Bibl.

120 1279 278 1306 Realwoert.
304 1286 323 1304 s.
344 1287 367 1304 v.
390 1277 558 1308 Tamariske,
587 1277 721 1303 Vauieeck
748 1277 857 1303 Fremd-

121 1317 233 1339 woerter
247 1321 268 1339 s.
279 1321 302 1339 v.
330 1313 362 1338 de
380 1316 491 1338 accentu
504 1320 526 1337 v.
542 1311 637 1337 Herod.
652 1312 733 1337 schol.
748 1312 772 1336 A
786 1311 819 1336 ad
836 1311 856 1336 0

121 1350 189 1378 709.)
202 1347 322 1379 tamarix,
336 1354 414 1379 quam
423 1346 472 1372 viri
482 1345 552 1371 docti
563 1346 716 1371 tamaricam
728 1345 856 1371 Gallicam

118 1381 293 1407 manniferam
307 1381 450 1414 appellant.
470 1380 497 1404 K
506 1382 556 1406 466
571 1377 625 1404 ἀνὰ
639 1388 705 1413 μυρ
715 1378 726 1403 ί
731 1388 797 1412 κην,
807 1381 857 1405 467

120 1414 244 1445 δόνακας
255 1414 408 1448 μυρίκης,
421 1414 485 1440 «1⁵18
498 1414 690 1447 μυρίκῃσιν,
700 1415 750 1440 350
763 1416 857 1446 μυρῖ-

119 1459 181 1481 και,
197 1450 220 1475 11.
233 1450 317 1475 Merc.
331 1451 363 1475 81
379 1447 534 1481 μυρίκας.
544 1447 682 1473 -Vocalis
694 1458 701 1472 ι
718 1451 858 1480 praeterea

123 1484 216 1517 brevis,
236 1484 314 1516 longa
332 1487 477 1516 usurpatur
496 1482 582 1508 &350
600 1482 633 1507 cf.
653 1481 729 1508 Eust.
749 1483 798 1508 623
817 1484 858 1513 32,

124 1518 271 1544 Buttmann
288 1518 321 1543 A.
340 1518 399 1550 Spr.
422 1516 434 1541 1
457 1524 483 1549 p.
502 1518 543 1549 39,
571 1516 677 1541 Lobeck
700 1516 772 1549 path.
791 1515 858 1548 prol.

122 1561 147 1586 p.
166 1554 224 1579 340.
261 1558 350 1577 vocem
369 1550 438 1583 quod
460 1554 522 1576 ante
540 1550 637 1576 vocalis
659 1550 745 1576 brevis
764 1549 790 1574 K
808 1551 859 1576 466

123 1586 292 1619 producitur,
315 1592 331 1611 a
349 1585 444 1610 litteris
464 1593 502 1616 σμ
524 1584 652 1617 incepisse
671 1584 769 1610 iudicat
787 1583 858 1609 Hoff-

123 1628 202 1646 mann
220 1620 236 1646 l.
255 1620 272 1645 l.
292 1619 303 1644 Ι
325 1627 349 1652 p.
367 1621 428 1651 152,
455 1618 558 1644 dubitat
576 1618 670 1644 Hartel
693 1618 761 1644 hom.
785 1617 858 1643 Stud.

122 1655 134 1679 I
154 1663 178 1687 p.
193 1656 234 1681 21.
263 1653 295 1679 cf.
314 1654 355 1679 La
373 1652 462 1679 Roche
480 1652 542 1679 Unt.
566 1660 590 1685 p.
610 1654 649 1679 56.
669 1667 700 1670 —
723 1652 754 1678 Id
775 1659 859 1684 genus

121 1688 247 1714 arborum
270 1688 297 1713 in
316 1687 381 1713 Asia
403 1686 529 1719 frequens
553 1686 635 1712 fuisse
657 1686 773 1718 videtur,
801 1693 859 1711 cum

122 1722 277 1749 Scamandri
300 1721 373 1755 ripae
397 1721 532 1747 tamaricis
552 1721 653 1746 obsitae
678 1727 734 1746 esse
752 1720 858 1745 tradan—

120 1761 164 1783 tur
193 1756 219 1781 Φ
239 1758 270 1782 17
285 1763 305 1782 s.
329 1758 356 1781 et
374 1755 466 1781 Ulixes
489 1754 517 1780 K
534 1756 584 1782 466
603 1762 622 1780 3.
650 1754 760 1780 Dolonis
787 1753 858 1780 caesi

120 1790 205 1824 spolia
227 1798 242 1815 e
264 1789 392 1816 tamarica
418 1789 588 1822 pependerit,
616 1796 695 1821 quam
713 1791 743 1814 ut
769 1795 858 1813 rursus

121 1826 293 1858 agnosceret,
316 1824 391 1857 signo
411 1823 547 1849 denotavit
566 1826 593 1848 et
611 1822 721 1849 Adresti
740 1822 800 1855 equi
818 1825 858 1848 ta-

122 1859 235 1884 maricae
254 1858 334 1883 ramis
350 1858 518 1890 implicentur
536 1857 608 1883 238.
644 1857 684 1882 De
703 1863 798 1890 genere
817 1863 857 1882 ar-

122 1894 194 1919 boris
212 1901 234 1919 v.
250 1892 382 1918 Woerner
401 1892 417 1917 l.
437 1891 453 1918 l.
472 1899 497 1924 p.
514 1894 552 1924 11,
576 1891 649 1917 Koch
667 1891 785 1917 Baeume
804 1890 858 1916 und

124 1927 284 1953 Straeucher
302 1926 350 1952 der
368 1925 441 1952 alten
460 1925 593 1951 Griechen
610 1933 635 1958 p.
650 1927 700 1952 250
719 1932 747 1958 3.,
772 1924 857 1950 Buch-

120 1961 179 1986 holz
202 1960 275 1986 Real.
299 1960 345 1986 Ib
368 1968 393 1993 p.
411 1962 463 1987 252
482 1967 501 1985 3.
524 1975 557 1978 -
580 1959 731 1986 Collocatur
753 1965 858 1991 semper

120 1996 147 2021 iu
161 1995 236 2020 thesi.
255 1994 434 2027 (μυρίκινος.)

153 2024 330 2063 μῦρῗκῖνος
356 2027 428 2059 (ἀπὸ
456 2027 580 2061 μυρίκης
607 2027 721 2061 Hcsych.
745 2026 777 2052 cf.
801 2026 856 2052 Leo

121 2063 214 2096 Meyer
229 2063 278 2095 vgl.
290 2063 336 2088 Gr.
351 2063 376 2088 II
395 2071 419 2095 p.
435 2063 504 2093 562.)
522 2070 554 2088 ex
569 2062 696 2088 tamarice
711 2061 856 2087 confectus.

121 2098 184 2123 239
200 2094 257 2130 ὄζῳ
274 2093 313 2122 ἔνι
334 2095 498 2130 βλαφθέντε
513 2095 699 2132 μυρικίνῳ.
728 2095 761 2121 de
775 2095 857 2121 iuter-

122 2132 263 2164 punctione
282 2140 304 2156 v.
325 2131 381 2157 Nic.
400 2130 482 2157 schol.
502 2132 526 2155 A
544 2130 578 2156 ad
596 2131 612 2156 l.
627 2130 643 2155 l.
661 2158 671 2162 ,

156 2161 297 2199 Μῦρῗνη.
326 2165 412 2191 3813
430 2161 565 2197 (κολώνη)
584 2162 636 2197 τὴν
654 2164 670 2197 η’
690 2171 735 2188 τοι
755 2159 856 2195 ἄνδρες

125 2199 260 2224 Βατίειαν
278 2196 484 2231 κικλήσκουσιν
500 2200 503 2231 1
521 2195 662 2224 ἀθάνατοι
683 2195 714 2222 δέ
732 2205 763 2222 τε
779 2199 856 2230 σῆμα

122 2233 364 2265 πολυσκαρθμοῖο
384 2232 550 2266 Μυρίνης.
583 2232 615 2258 de
633 2231 766 2265 scriptura
779 2231 855 2257 Eust.

121 2269 170 2293 351
194 2269 225 2293 41
250 2265 440 2308 ΜυρίννιμένΓ
466 2262 605 2300 ἁπλότητι
633 2264 686 2306 μξν
707 2262 855 2308 Χγράφεται

122 2309 213 2360 ἔὲἕείἱ
232 2301 454 2361 ἓξὶιλέἕέήῖῗιξέ
458 2309 493 2360 ⁸13.
501 2309 552 2362 '13¹²
549 2309 585 2360 11.
596 2300 856 2366 3351522215‘5125

122 2376 201 2394 unum
220 2377 236 2392 ν
255 2369 387 2395 exhibent.
428 2369 507 2396 schol.
526 2370 550 2394 A
574 2368 607 2394 ad
626 2369 642 2394 l.
661 2368 677 2394 l.
703 2365 856 2400 Ἀμαζόνος

122 2399 222 2434 ὄνομα.
259 2403 291 2428 cf.
307 2403 339 2429 E.
353 2403 389 2428 M.
405 2405 454 2430 595
472 2405 505 2430 25
525 2400 576 2428 δύο
596 2401 696 2431 πόλεις
716 2399 788 2436 ἦσαν
806 2404 856 2435 τῆς

123 2436 242 2469 Λήμνου
254 2457 260 2462 .
271 2457 277 2462 .
289 2435 340 2469 οὐχ
355 2434 393 2466 ιὶίς
403 2436 478 2467 τινές
489 2445 569 2469 φασι,
579 2434 656 2469 παρὰ
667 2435 699 2461 τὸ
711 2434 856 2469 μύρεσθαι

126 2472 175 2496 καὶ
201 2469 272 2504 ῥεῖν,
300 2468 371 2495 ἀλλὰ
396 2468 452 2496 ἀπὸ
476 2471 633 2504 Μυρίννης,
655 2470 705 2503 τῆς
730 2469 856 2499 Θόαντος

122 2503 272 2538 γυκαικὸς,
292 2504 405 2537 IIesych.
425 2501 529 2537 ἡρωίς,
548 2503 627 2538 παρὰ
645 2503 782 2530 Ἰλιεῦσιν.
824 2504 855 2530 cf.

122 2539 217 2565 Strabo
228 2538 277 2563 XII
307 2540 367 2565 .573
378 2538 440 2564 XIII
451 2547 476 2572 p.
486 2541 545 2570 623,
559 2538 693 2564 Buchholz
704 2539 770 2565 hom.
781 2538 855 2564 Real.

123 2574 161 2599 Ia
174 2581 199 2606 p.
210 2574 268 2605 301,
282 2547 359 2598 fiahn
374 2572 416 2598 die
431 2580 521 2605 geogr.
532 2573 646 2599 Kenntn.
658 2572 681 2599 d.
694 2573 741 2606 Ep.
756 2573 781 2598 ΙΙ
796 2581 821 2606 p.
832 2575 855 2599 3.

656 107 772 149 Mbvqg
788 122 827 127 -
848 105 1059 146 Μυρμιδόνες

909 184 1031 224 μῦρΐος
1048 188 1165 221 (originis
1184 188 1308 214 incertae.
1342 188 1372 213 Ε.
1394 188 1430 214 Μ.
1450 190 1499 214 595
1518 190 1534 214 6
1553 186 1609 213 ἀπὸ

875 226 929 249 τοῦ
943 221 1100 254 μεμυκέναι
1110 220 1177 252 τοὺς
1193 219 1352 251 δακτύλους
1368 219 1398 246 ἐν
1413 224 1473 251 τοῖς
1488 219 1610 255 ψήφοις.

876 257 947 290 quod
975 265 1035 283 cum
1061 264 1115 282 non
1138 256 1267 287 arrideat,
1295 256 1455 282 recentiores
1472 256 1549 288 Bopp
1568 255 1609 281 Gl.

875 300 899 324 p.
915 294 989 317 2782.
1007 291 1060 317 skr.
1081 290 1157 316 bhnri
1175 290 1190 315 i.
1210 298 1231 315 e.
1251 290 1362 322 multus,
1391 289 1498 315 Curtius
1518 289 1611 316 (ὲκ-(12.4

876 333 900 358 p.
912 327 962 351 340
971 325 1094 350 dubitans
1104 328 1131 350 et
1140 324 1274 350 Vaniceek
1286 324 1361 350 E.W.
1373 332 1397 356 p.
1406 326 1462 356 740,
1474 323 1612 349 Fritzsche

876 360 903 385 in
931 359 1039 385 Curtius
1064 358 1137 384 Stud.
1156 358 1192 383 VI
1216 365 1241 390 p.
1257 360 1305 385 343
1332 366 1348 383 a
1374 358 1429 383 rad.
1459 365 1518 382 mur
1544 357 1613 382 unde

877 390 992 426 μύρμηξ
1016 393 1108 424 oritur,
1132 391 1293 417 Doederlein
1312 392 1352 418 Gl.
1373 392 1419 418 Nr.
1439 393 1473 418 88
1491 398 1507 416 a
1524 390 1612 424 μύρο-

877 436 927 458 μαι
953 427 1059 452 ducunt.
1099 425 1182 458 magis
1205 425 1310 458 placent
1333 426 1392 452 Joh.
1412 424 1531 451 Schmidt
1548 425 1612 451 Voc.

877 462 901 486 II
925 469 950 494 p.
966 463 1028 493 368,
1055 460 1109 486 Leo
1133 460 1225 491 Meyer
1251 460 1301 492 vgl.
1326 460 1371 485 Gr.
1400 460 1423 484 11
1451 468 1476 492 p.
1491 461 1541 485 424
1567 459 1612 491 qui

878 496 922 521 lat.
946 495 1018 520 milia
1040 498 1181 527 cognatum
1206 500 1264 519 esse
1287 494 1426 520 coniciunt.
1464 493 1522 525 Qua
1545 492 1613 518 deri-

878 529 984 555 vatione
1007 529 1118 561 probata
1139 526 1244 559 μυρίος
1270 527 1405 553 numerale
1430 528 1456 552 iu
1480 526 1614 558 significa-

878 563 977 589 tionem
996 570 1063 595 quae
1082 565 1121 588 est
1144 562 1307 587 innumerus.
1332 562 1432 594 pariter
1454 569 1485 586 ac
1507 561 1551 587 lat.
1572 567 1614 586 se-

879 597 961 622 scenti
975 597 1071 622 abiisse
1085 595 1231 629 putandum
1246 598 1292 628 est,
1308 595 1340 621 cf.
1350 595 1492 620 Buttmann
1507 596 1538 620 A.
1554 595 1611 628 Spr.

878 631 889 656 Ι
908 640 931 665 p.
948 632 1004 657 234.
1032 630 1065 655 de
1080 632 1191 655 accentu
1204 629 1282 655 docet
1295 630 1355 655 Arc.
1374 638 1398 662 p.
1409 631 1439 654 41
1456 632 1487 655 21
1507 627 1613 662 μύριος

879 660 893 689 ὁ
928 663 1089 697 ὡρισμένος
1121 661 1259 696 ἀριθμός,
1290 662 1394 695 μυρίος
1423 660 1437 687 ὁ
1467 660 1611 696 ἀόριστος.

878 699 910 725 cf.
930 699 1028 724 Herod.
1048 697 1116 731 περὶ
1131 706 1194 729 μον,
1214 695 1268 728 λέξ.
1288 705 1312 730 p.
1330 698 1360 723 19
1374 699 1414 726 31,
1434 696 1509 723 Eust.
1524 699 1572 723 907
1587 699 1610 723 8.

878 733 944 759 falsa
976 732 1008 758 de
1035 731 1181 758 IIerodiani
1212 731 1343 756 sententia
1373 730 1515 756 traduntur
1541 730 1613 763 apud

879 768 1030 793 Draconem
1049 774 1074 799 p.
1089 768 1121 792 65
1136 768 1170 791 22
1188 769 1215 791 et
1228 765 1304 790 Eust.
1322 767 1352 791 15
1366 767 1407 791 33.
1439 764 1471 790 de
1490 773 1506 789 υ
1521 764 1615 796 vocali,

880 809 940 827 cum
958 808 1062 833 semper
1080 800 1249 833 producatur,
1268 806 1321 824 non
1340 802 1412 824 recte
1431 798 1463 824 E.
1483 798 1518 823 M.
1535 800 1584 825 595
1599 800 1614 824 7

882 835 944 860 ἀντὶ
964 837 1015 860 τοῦ
1034 833 1127 859 πολλὰ
1143 832 1294 866 ἀορίστως.
1326 831 1359 857 τὸ
1378 840 1416 863 μυ
1434 831 1538 866 βραχύ.
1567 831 1613 857 ἐπὶ

880 868 933 901 μὲν
952 868 1006 902 γὰρ
1027 870 1080 893 τοῦ
1100 866 1190 893 ἄλλον
1204 869 1257 892 τοῦ
1277 866 1472 899 σημαίνοντος
1492 862 1614 898 ὡρισμέ-

881 912 933 929 νον
951 903 1074 936 πλῆθος,
1094 900 1285 933 ἐκτεταμένον
1303 898 1389 926 ἐστίν,
1426 897 1483 925 ἀπὸ
1502 899 1557 933 γὰρ
1577 908 1615 931 μυ

883 937 991 971 γίνεται
1012 935 1158 968 στοιχείου
1177 938 1229 960 τοῦ
1250 936 1372 968 μακροῦ.
1409 932 1441 959 τὸ
1463 932 1495 959 δὲ
1513 936 1615 967 σημαῖ-

882 980 933 997 νον
951 969 983 997 τὸ
1007 967 1146 1003 ἀόριστον
1163 970 1276 1002 πλῆθος
1300 967 1491 994 συστέλλεται.
1527 967 1559 993 τὸ
1578 976 1616 999 μυ

882 1003 989 1039 ψιλόν.)
1008 1005 1169 1037 innumerus,
1184 1004 1334 1029 immensus.
1361 1002 1467 1035 μυρίον
1481 1009 1534 1028 acc.
1551 1003 1616 1035 sing.

882 1047 962 1066 masc.
982 1042 1008 1065 et
1027 1042 1112 1065 neutr.
1127 1037 1227 1070 μυρίοι
1242 1045 1282 1062 -αι
1298 1045 1328 1062 -α
1343 1040 1370 1062 et
1383 1036 1469 1069 μυρί’.
1500 1039 1521 1064 1)
1534 1036 1616 1069 plur.

883 1074 915 1100 de
928 1072 1077 1099 hominibus
1093 1076 1120 1098 et
1133 1072 1221 1098 rebus.
1245 1070 1513 1096 innumerabiles.
1533 1071 1558 1095 B
1568 1072 1618 1096 468

882 1107 992 1141 μυρίοι,
1008 1103 1081 1132 ὅσσα
1091 1115 1121 1132 τε
1132 1104 1226 1139 φύλλα
1236 1105 1284 1130 καὶ
1296 1103 1388 1130 ἄνθεα
1403 1104 1530 1136 γίγνεται
1545 1099 1616 1137 ὥρῃ,

883 1143 903 1167 θ
914 1145 963 1168 110
976 1139 1086 1170 πουλὺς
1101 1137 1203 1172 ὅμιλος
1217 1138 1317 1171 μυρίοι
1337 1139 1368 1165 cf.
1386 1139 1454 1165 i1529
1474 1139 1522 1164 134
1540 1146 1558 1163 κ
1572 1141 1618 1163 120

884 1176 905 1201 Δ
919 1178 970 1203 434
992 1175 1024 1200 M
1036 1177 1086 1201 327
1111 1176 1132 1200 Ο
1146 1177 1203 1201 632.
1239 1173 1316 1206 μάλα
1339 1171 1439 1205 μυρίοι
1462 1174 1513 1204 (αι)
1534 1180 1554 1197 π
1570 1174 1616 1197 121

883 1219 899 1243 ρ
915 1213 965 1237 422
988 1219 1003 1235 τ
1018 1211 1050 1236 73
1074 1218 1089 1234 ο
1105 1211 1161 1236 555.
1198 1207 1282 1241 μυρί’
1305 1206 1394 1240 μυρία
1414 1207 1437 1231 Α
1453 1209 1468 1232 2
1485 1205 1575 1237 (schol.
1595 1205 1618 1230 A

883 1243 959 1274 τινὲς
978 1241 1138 1277 θρηνητικὰ
1159 1241 1237 1275 παρὰ
1253 1241 1285 1267 τὸ
1305 1241 1478 1274 μυριᾶσθαι·
1497 1240 1546 1265 καὶ
1560 1237 1620 1272 ἐπί-

885 1280 972 1304 θετον
999 1277 1069 1303 αὐτὸ
1097 1279 1155 1302 τῶν
1186 1275 1298 1309 ἀλγέων
1330 1272 1467 1308 ἤκουσαν,
1499 1271 1548 1306 ἐφ’
1576 1275 1619 1303 οἱς

885 1314 1047 1345 μυριᾶσθαι
1067 1312 1116 1338 καὶ
1140 1310 1173 1336 τὸ
1194 1312 1316 1335 νλα-ῦσαι
1336 1310 1369 1336 cf.
1389 1308 1540 1334 301101.Β1,,.
1573 1307 1620 1333 sed

884 1350 956 1372 recte
967 1347 989 1371 Ι)
1000 1347 1103 1379 μυρία·
1119 1342 1263 1378 ἀορίστως
1278 1341 1339 1369 ἀντὶ
1354 1345 1406 1368 τοῦ
1421 1340 1524 1374 πολλά)
1535 1342 1559 1367 Β
1569 1344 1619 1368 272

886 1389 900 1405 ο
921 1382 970 1407 316
989 1383 1040 1407 416
1068 1390 1089 1405 ω
1110 1382 1158 1405 283
1187 1380 1202 1404 1
1219 1381 1268 1405 699
1296 1377 1322 1402 Π
1342 1378 1390 1403 190
1413 1376 1442 1401 X
1458 1378 1507 1402 472
1535 1377 1550 1400 λ
1569 1378 1618 1402 282

887 1415 968 1441 Ρ22Ο
987 1415 1014 1440 ,Ω
1024 1416 1074 1441 639
1092 1416 1135 1439 κ9
1154 1414 1169 1438 λ
1184 1415 1233 1439 632
1251 1421 1271 1443 μ
1286 1414 1326 1438 97.
1359 1411 1458 1436 subst.
1478 1410 1534 1436 loco
1552 1411 1571 1443 β
1590 1411 1620 1436 16

884 1448 974 1481 μυρία
992 1446 1062 1482 ᾔδη,
1081 1457 1096 1473 ο
1112 1450 1161 1474 367
1180 1447 1257 1479 μυρί’
1278 1442 1386 1471 ἕλοιντο.
1416 1447 1447 1478 ,2)
1461 1445 1539 1476 sing.
1562 1444 1620 1469 im-

885 1490 1026 1509 mensus.
1046 1484 1175 1511 almasc.
1191 1489 1206 1505 ο
1217 1482 1267 1506 452
1281 1479 1388 1512 μυρίον
1404 1479 1488 1511 ώνον,
1502 1478 1527 1504 h.
1538 1478 1620 1503 Merc.

885 1520 918 1543 24
936 1517 1043 1550 μυρίον
1064 1514 1160 1550 ὄλβον.
1197 1515 1224 1545 b)
1241 1518 1344 1540 neutr.
1364 1514 1436 1539 288
1454 1512 1575 1551 τἰἑνθος,
1599 1512 1620 1536 Υ

886 1554 935 1578 283
947 1549 1023 1583 ἄχος.
1040 1551 1121 1577 Φ318
1131 1547 1186 1575 κὰδ
1198 1548 1229 1574 δέ
1239 1557 1288 1580 μιν
1299 1544 1397 1581 αὐτὸν,
1409 1544 1514 1572 εἷλυσω
1525 1543 1620 1579 ψαμά-

886 1587 985 1611 θοισιν
1004 1582 1080 1617 ἃλις,
1101 1582 1226 1616 χέραδος
1251 1579 1403 1616 περιχεύας
1424 1581 1426 1613 Ι
1446 1579 1560 1613 μυρίον.
1597 1580 1620 1605 31

885 1619 953 1646 alios
967 1618 998 1645 cf.
1015 1619 1138 1652 Spitzner
1152 1618 1178 1643 in
1194 1617 1268 1642 Iliad.
1283 1624 1338 1642 exc.
1353 1615 1465 1647 XXXII,
1483 1615 1620 1640 Duentzer

885 1654 919 1680 ad
938 1653 954 1679 1.
974 1653 990 1678 l.
1021 1653 1105 1679 secuti
1127 1650 1252 1685 χεράδος
1271 1658 1319 1683 pro
1342 1650 1463 1682 genetivo
1487 1648 1619 1681 acceperi-

886 1695 957 1719 mus,
981 1686 1086 1720 μυρίον
1109 1689 1155 1712 aut
1173 1685 1327 1711 adverbium
1346 1682 1553 1716 intellegendum
1570 1684 1618 1715 est,

885 1723 924 1748 ita
941 1724 971 1747 ut
989 1721 1033 1747 ille
1052 1728 1111 1753 gen.
1130 1720 1163 1745 ab
1187 1715 1249 1749 ἅλις
1267 1718 1390 1752 pendeat,
1414 1721 1460 1743 aut
1477 1716 1619 1743 substanti-

885 1764 954 1788 vum,
969 1755 1003 1781 ad
1016 1755 1085 1788 quod
1099 1754 1236 1786 genetivus
1250 1752 1405 1779 referendus
1419 1754 1467 1777 est.
1482 1765 1515 1769 —-
1529 1750 1616 1776 Collo-

885 1793 961 1816 catur
980 1796 1085 1822 semper
1104 1789 1131 1814 in
1146 1788 1199 1814 arsi
1217 1790 1297 1820 atque
1311 1786 1467 1819 plerumque
1484 1785 1512 1811 in
1526 1785 1618 1817 quinta

884 1825 924 1850 vel
944 1824 1037 1856 prima,
1055 1823 1140 1848 rarius
1158 1823 1185 1848 in
1204 1824 1307 1854 quarta,
1325 1819 1447 1852 secunda,
1466 1819 1551 1845 tertia.

918 1856 1130 1892 Μυρμιδόνες
1152 1856 1275 1888 (Veteres
1298 1854 1359 1880 inde
1382 1853 1530 1887 appellatos
1558 1859 1615 1879 esse

883 1892 992 1918 tradunt
1010 1891 1079 1924 quod
1094 1899 1126 1916 ex
1140 1889 1256 1917 formicis
1274 1888 1437 1921 (μύρμηξιν)
1456 1887 1483 1913 111
1497 1887 1616 1912 homines

883 1927 977 1952 mutati
1000 1929 1088 1952 essent
1107 1925 1138 1950 cf.
1157 1924 1238 1950 schol.
1257 1923 1331 1949 ABD
1355 1922 1387 1948 ad
1405 1922 1428 1947 A
1450 1923 1505 1954 180,
1528 1921 1561 1946 E.
1579 1921 1616 1947 M.

884 1962 941 1993 597,
961 1960 1036 1986 Eust.
1051 1962 1083 1985 76
1097 1961 1138 1991 38,
1159 1959 1209 1985 320
1223 1960 1255 1984 42
1274 1958 1319 1990 qui
1332 1956 1406 1982 addit
1425 1952 1442 1988 ἢ
1463 1953 1519 1981 ἀπὸ
1538 1955 1618 1987 Μυρ-
1650 1955 1658 1959 0

883 1991 1004 2026 μιδόνος
1026 1996 1078 2019 τοῦ
1102 1990 1176 2022 Διός.
1211 1992 1283 2017 illam
1305 1990 1422 2016 fabulam
1440 1989 1535 2016 Strabo
1555 1988 1618 2015 VIII

883 2037 907 2061 p.
927 2030 977 2055 375
1004 2027 1114 2059 refutat,
1142 2026 1174 2052 cf.
1202 2026 1265 2052 Pott
1293 2024 1398 2058 etymol.
1422 2022 1564 2057 Legenden
1591 2022 1618 2048 in

883 2063 950 2088 Phil.
974 2061 1064 2095 Suppl.
1084 2062 1108 2087 II
1135 2062 1198 2087 1861
1223 2068 1248 2092 p.
1265 2060 1315 2086 290
1334 2067 1354 2084 3.
1391 2057 1564 2084 Recentiores
1584 2057 1617 2082 ab

884 2096 976 2123 eadem
1004 2100 1033 2122 ut
1060 2093 1177 2128 μύρμηξ
1203 2093 1291 2120 radice
1309 2101 1354 2119 mu
1377 2100 1435 2118 mur
1455 2090 1617 2125 ‚,wimmeln“

884 2131 982 2157 ducunt
1005 2130 1037 2156 cf.
1056 2129 1194 2155 Fritzsche
1217 2128 1248 2153 de
1271 2127 1326 2153 red.
1345 2133 1441 2159 graeca
1464 2126 1492 2151 in
1513 2125 1617 2151 Curtius

883 2164 956 2191 Stud.
976 2164 1012 2190 VI
1040 2172 1066 2197 p.
1089 2166 1153 2194 343,
1181 2162 1318 2188 Vanieeck
1335 2161 1411 2186 E.W.
1439 2168 1464 2193 p.
1483 2162 1541 2186 720.
1585 2159 1617 2185 de

883 2199 995 2225 flexione
1023 2202 1050 2224 et
1077 2200 1187 2223 accentu
1213 2205 1235 2222 v.
1255 2195 1352 2221 Herod.
1380 2194 1447 2227 περὶ
1474 2201 1538 2225 μον.
1562 2192 1617 2224 λέξ.

882 2241 907 2267 p.
918 2235 933 2259 8
945 2234 993 2261 11.)
1023 2231 1209 2265 Myrmidones.
1238 2226 1426 2262 Μυρμιδόνες
1440 2236 1493 2253 -ων
1508 2229 1618 2267 -εσσι(ν)

882 2275 934 2297 -ας,
971 2267 995 2291 R
1009 2267 1058 2293 633
1078 2263 1264 2298 Μυρμιδόνες
1281 2271 1313 2289 τε
1335 2263 1475 2288 καλεῦντο
1497 2259 1618 2287 καῖΕλ-

883 2302 966 2334 ληνες
983 2300 1031 2325 καὶ
1050 2298 1155 2332 Ἀχαιοὶ
1179 2306 1215 2324 sc.
1234 2297 1345 2324 Achillis
1363 2297 1459 2322 milites
1478 2295 1510 2321 cf.
1528 2295 1618 2321 Ameis

882 2336 909 2361 in
927 2342 986 2367 app.
1006 2334 1040 2360 ad
1060 2334 1086 2359 Γ
1098 2336 1155 2367 456,
1178 2332 1257 2358 Hahn
1280 2338 1368 2364 geogr.
1387 2330 1548 2356 Kenntnisse
1572 2328 1618 2354 der

882 2369 984 2402 Epiker
1002 2368 1013 2393 I
1032 2376 1056 2401 p.
1070 2370 1086 2393 4
1101 2375 1120 2393 S.
1157 2367 1185 2392 H
1197 2368 1247 2393 564
1266 2366 1303 2391 M.
1324 2364 1372 2390 καὶ
1389 2362 1504 2397 Ἀχαιοί,
1528 2363 1554 2388 Π
1567 2364 1616 2389 506

883 2405 932 2430 546
960 2403 988 2427 Σ
1004 2404 1054 2428 355
1079 2402 1106 2426 ,Ω
1124 2403 1175 2428 449
1202 2397 1403 2433 Μυρμιδόνες,
1431 2398 1457 2423 11
1475 2398 1524 2424 266
1550 2405 1616 2430 κρα-

884 2436 949 2469 δίην
972 2436 1021 2461 καὶ
1045 2433 1140 2467 θυμὸν
1159 2432 1286 2467 ἔχοντες,
1312 2433 1396 2460 Τ278
1414 2429 1616 2465 μεγαλήτορες.

883 2478 946 2497 voc.
964 2470 1048 2496 11200
1064 2472 1121 2499 269.
1138 2469 1188 2495 456
1206 2466 1381 2500 ταχύπωλοι.
1409 2473 1475 2498 gen.
1490 2465 1512 2489 A
1524 2466 1572 2491 328
1592 2463 1618 2489 H

885 2507 933 2531 126
958 2505 971 2529 Ῐ
990 2506 1038 2530 185
1057 2506 1106 2529 652
1130 2504 1154 2528 Α
1175 2505 1223 2529 797
1248 2502 1275 2527 Π
1292 2503 1324 2528 39
1345 2502 1392 2527 164
1415 2502 1465 2527 220
1488 2499 1516 2523 Σ
1535 2501 1566 2524 10
1583 2499 1616 2524 69

883 2540 982 2571 Ω397,
1011 2539 1027 2562 δ’
1045 2540 1061 2563 0
1085 2538 1122 2562 M.
1150 2536 1236 2569 προτὶ
1261 2532 1330 2561 ἄστυ
1349 2531 1531 2568 περικλυτόν.
1563 2531 1615 2558 dat.

883 2568 1103 2606 Μυρμιδόνεσσι
1113 2573 1148 2604 (ν)
1168 2571 1195 2595 Π
1213 2572 1244 2597 12
1272 2571 1303 2596 15
1330 2571 1380 2595 240
1407 2569 1456 2594 596
1477 2566 1500 2591 Τ
1516 2568 1566 2593 299
1591 2565 1616 2590 Φ
