1705 2767
603 134 774 179 ἂποχάζομ
779 152 811 171 αι
835 158 874 162 -
899 139 994 173 ἅπτω

86 214 306 252 ἀπο-χάζομαι
329 218 433 244 recedo.
470 219 485 243 λ
508 221 541 245 95
569 218 715 253 ἀποχάζεο
738 221 787 257 βό-

51 252 74 276 θ
95 259 138 278 ου.

75 259 261 318 ριέπο-ψῧχω
291 285 406 312 animam
433 286 538 320 amitto,
570 289 689 324 exspiro,
722 291 785 316 deli-

51 319 141 351 quium
164 319 243 346 animi
266 320 356 352 patior.
396 320 427 346 E.
447 320 483 347 M.
510 324 565 354 127,
591 325 620 348 17
645 321 785 350 duom-st·-

49 352 192 386 ματίζειν,
220 352 256 381 ἀπ’
271 350 395 379 ιπλιῗνειν
412 354 462 379 καὶ
481 352 659 388 ιέπορίπτειν.
692 367 715 383 ω
734 361 784 385 348

51 382 313 419 ἀποψύχοντα-2)
331 388 404 413 Pass.
419 388 564 421 refrigerer
581 395 668 423 vento,
687 392 782 418 siccor.

49 414 132 446 A62'1
153 420 226 454 ἱδρῶ
240 418 424 454 ἀπεψύχοντο
441 420 579 456 χιτώνων,
600 424 626 449 Φ
640 428 686 451 561
708 425 782 459 ἶὸριῦ

50 452 234 487 ἀποψυχθείς
252 455 284 481 cf.
303 455 333 480 X
350 457 374 482 2.

81 485 251 523 ἀπρεπέως
272 486 420 522 (ἀπρεπήςὶ
442 490 578 528 indecore,
605 499 658 518 non
687 496 715 519 ut
738 493 782 519 de-

49 524 103 552 cet,
127 522 152 548 h.
171 522 253 549 Mero.
273 525 322 549 272
341 520 366 548 ἀ.
387 520 546 557 wopa-sag.

79 555 244 591 ἄπρηκτος
274 554 414 590 (πρήσσω)
447 560 470 590 1)
496 559 540 591 qui
566 559 633 584 nihil
660 561 778 593 perfecit.

47 591 71 622 2)
87 590 162 615 cuius
180 597 233 615 11011
252 593 292 616 est
310 591 455 616 remedium
474 596 520 618 aut
539 593 660 626 effectus,
680 595 778 621 irritus.

38 625 71 656 ·l)
84 623 110 650 Ξ
121 625 168 650 221
184 621 333 657 ἄπρηκτον
348 624 464 651 νέεσθαι
480 626 578 652 infecta
592 635 629 660 rc,
643 630 692 661 Ap.
708 631 748 661 41,
762 631 778 655 3

44 655 134 691 μηδὲν
151 657 417 692 καταπραξαμὲνην.
438 675 469 677 -
492 662 516 689 2)
533 669 552 692 μ
572 663 621 687 223
641 659 666 687 ά.
686 659 778 696 ἀνίην,

45 692 95 724 Ap.
113 693 154 724 41,
171 693 188 718 5
205 693 279 724 πρὸς
298 689 332 725 ἢν
347 690 432 718 οὐδὲν
447 690 506 719 ἔστι
524 693 777 729 κιιταπράξασθαι,

45 725 78 752 ef.
95 725 150 751 sch.
169 725 222 757 BQ.
247 727 266 760 β
280 729 312 753 57
331 724 446 760 ὁδί-νας,
465 728 520 754 sch.
535 729 560 754 S.
585 727 659 761 πρὸς
679 726 712 759 ἃς
727 728 780 755 οὐκ

47 755 104 785 ἔστι
124 767 149 784 τι
168 761 282 792 πρᾶξαι.
306 760 331 785 Β
345 762 395 787 376
410 758 435 787 ἀ.
451 758 548 794 ἔριδας
563 763 611 788 καὶ
628 763 734 797 νείκεα,
755 765 779 789 R

47 795 93 819 121
112 791 241 825 πόλεμον
258 794 431 826 πολεμίζειν.

74 823 246 862 οὶ-πρῒὰτην
269 828 411 861 (πριάμαι)
434 830 529 862 gratis,
555 830 628 856 nulla
646 832 776 858 mercede.

44 860 96 894 Ap.
109 863 150 901 39,
164 863 197 887 25
216 859 353 895 ἄπρατον,
373 860 441 888 ἄνευ
460 866 512 889 τοῦ
529 863 681 897 πρίασθαι.
706 867 729 890 Α
744 867 777 892 98

43 891 98 920 ἀπὸ
114 895 232 927 δομεναι
247 894 357 929 κούρην
371 894 513 931 ἀπριάτην
532 896 697 925 ἀνάποινον.
717 900 777 925 Ari-

42 931 109 955 ston.
133 925 176 954 ὅτι
206 927 240 955 οὐ
268 932 342 955 κατὰ
369 932 573 965 προσηγορίαν
605 931 680 965 λέγει
710 931 774 958 ἀλλ’

42 960 103 988 ἀντὶ
121 965 174 988 τοῦ
192 961 311 997 ἀπρατί·
335 965 384 990 καὶ
402 963 587 998 παράλληλον
605 964 637 992 τὸ
657 964 776 992 ἀνάποι-

41 1003 102 1021 νον’
129 994 161 1022 τὸ
184 995 238 1030 γὰρ
264 995 332 1023 αὐτὸ
365 997 402 1024 δι)
428 997 602 1032 ἀμφοτέρων
630 1002 774 1033 δηλοῦται.

41 1029 82 1056 Ita
107 1031 186 1056 etiam
213 1032 372 1064 Apollonius
398 1034 468 1064 (sch.
495 1034 574 1060 ABL.
603 1035 634 1060 cf.
662 1035 774 1061 Merkel.

39 1063 114 1097 proll.
133 1064 168 1090 acl
185 1066 236 1098 Ap.
255 1066 304 1092 Rh.
324 1066 446 1099 LXXVI)
464 1071 491 1093 et
508 1068 606 1094 Buttm.
624 1068 671 1094 Le.
693 1073 714 1101 1,
734 1071 773 1098 16,

41 1098 87 1125 sed
103 1097 135 1125 E.
150 1099 186 1125 M.
203 1101 259 1133 132,
277 1102 310 1126 48
329 1101 433 1126 dubitat
456 1109 517 1126 nuni
537 1101 594 1127 adv.
614 1103 649 1127 sit
667 1110 700 1128 an
719 1110 772 1129 ace.

39 1131 104 1158 Adv.
127 1139 186 1158 esse
213 1138 312 1166 negant
334 1135 401 1161 Lob.
424 1135 497 1168 path.
521 1138 570 1162 458
599 1139 626 1161 et
648 1136 772 1163 Doederl.

41 1165 80 1191 Gl.
98 1168 155 1193 626.
192 1167 244 1193 Sed
262 1168 287 1194 h.
308 1168 366 1194 Cer.
387 1170 435 1195 132
453 1166 493 1201 μή
511 1178 547 1200 με
567 1166 708 1203 ἀπριάτην
726 1179 773 1195 πε-

57 1198 191 1233 άσαντες,
219 1200 252 1226 de
275 1203 330 1227 viro
355 1206 395 1228 est
422 1204 438 1234 ξ
460 1205 508 1229 317
535 1211 571 1234 με
595 1201 771 1244 ἐκομίσσατο

41 1230 118 1267 η’ρως
136 1232 280 1268 ἀπριάτην
298 1236 352 1261 sch.
366 1236 443 1268 BPQ.
463 1235 609 1270 ἐπίῤῥημα
629 1237 668 1267 ὣς
685 1247 772 1271 αντην

18 1264 139 1301 γμάτην,
172 1269 235 1294 ἀντὶ
266 1272 317 1295 τοῦ
344 1266 491 1303 ἀπριάτως
519 1268 534 1296 ό
563 1269 621 1309 ἐστι
654 1274 770 1312 προῖκα.

33 1301 87 1334 Ἀρ.
113 1303 154 1335 39,
183 1304 216 1329 28
248 1300 263 1328 ὃ
290 1301 407 1337 Κράτης
434 1307 531 1334 κακῶς
558 1314 664 1338 γράφει
692 1315 770 1339 ηρως

39 1332 178 1369 ἀπριάτης
209 1337 281 1369 quod
311 1337 355 1363 ille
386 1337 490 1364 videtur
521 1339 681 1372 explicasse:
717 1348 771 1366 non

37 1375 131 1396 emens.
158 1370 284 1396 Doederl.
312 1371 328 1397 1.
347 1372 364 1397 l.
388 1373 470 1398 subst.
494 1370 635 1407 ἀπριάτης
659 1374 769 1412 (101·,1111-

36 1402 161 1435 'gekaufte
180 1404 260 1430 Sklav
279 1406 383 1438 statuit,
402 1406 522 1432 Rhianus
541 1414 604 1432 vero
623 1407 770 1442 ἀπριαδην

36 1436 142 1470 scripsit
154 1439 218 1468 (sch.
233 1439 276 1466 H.)
293 1439 389 1465 iustam
408 1440 465 1466 adv.
485 1440 596 1466 formam
615 1443 770 1468 coniectura

36 1473 65 1496 ut
87 1470 190 1497 videtur
213 1477 359 1499 assecutus.
396 1474 485 1500 Potuit
512 1479 585 1500 certe
612 1476 670 1501 fieri
697 1480 727 1501 ut
754 1484 769 1502 a

35 1503 94 1531 fem.
113 1502 236 1539 ἀπριάτη
260 1507 375 1533 oriretur
400 1508 457 1534 adv.
477 1505 620 1542 ἀπριάτην
643 1514 672 1535 ut
695 1507 769 1535 ἀντι-

34 1537 107 1572 βίην,
123 1546 202 1571 quam
216 1541 246 1566 (ὲ.
267 1541 349 1567 Curtii
368 1542 528 1568 sententiam
542 1543 662 1575 sequitur
676 1545 768 1569 Ameis

37 1571 68 1598 cf.
86 1572 213 1607 Mayhoff,
231 1574 326 1601 Rhian.
346 1575 413 1601 Cret.
434 1576 502 1602 stud.
522 1577 592 1603 hom.
611 1579 651 1603 83.

67 1603 340 1642 ἄ-προτί-μαστος
358 1608 479 1641 (μάσσω)
501 1618 555 1636 non
578 1615 768 1645 contrectatus,

35 1639 156 1667 intactus.
195 1642 218 1666 T
234 1644 283 1669 263
303 1639 381 1674 ἔμεν’
402 1643 631 1677 ἀπροτίμαστος,
660 1646 714 1671 3011.
738 1646 768 1672 Β.

33 1670 192 1734 αιῖινέπαφος,
219 1675 370 1707 μάσασθαι
398 1676 453 1711 γὰρ
477 1677 510 1703 τὸ
534 1676 707 1711 ἐφάψασθαι
735 1680 768 1706 cf.

59 1715 221 1777 Ιἔῖ-πτέρος
246 1742 371 1776 (πτερόν)
396 1753 451 1771 non
470 1746 564 1772 alatus.
605 1756 621 1780 ρ
641 1749 674 1774 57
701 1755 716 1772 τ
735 1750 768 1775 29

33 1783 54 1808 φ
67 1777 116 1802 386
132 1784 151 1809 χ
164 1778 214 1803 398
231 1779 266 1810 τῇ
286 1776 311 1803 δ’
333 1775 456 1812 ἄπτερος
475 1777 576 1806 ἔπλετο
594 1783 696 1815 μῦθος,
714 1790 767 1807 non

34 1809 154 1835 avolabat
178 1810 226 1836 sed
244 1811 372 1838 haerebat
390 1813 417 1838 in
436 1814 571 1840 memoria.
600 1815 631 1840 E.
651 1815 687 1840 M.
708 1819 764 1848 133,

33 1844 65 1869 29
87 1839 158 1869 ἔνιοι
182 1844 216 1870 οὐ
240 1845 391 1879 παραπτὰς
415 1845 478 1872 ἀλλ’
504 1846 630 1880 ἕμμονος
653 1849 685 1876 cf.
710 1850 764 1876 sch.

33 1876 65 1903 fl.
85 1877 173 1903 Fuere
191 1879 261 1904 enim
280 1880 324 1912 qui
339 1881 498 1913 expletivum
514 1891 532 1907 α
546 1889 604 1908 0330
618 1884 670 1909 rati
684 1884 765 1909 inter-

34 1913 211 1943 pretarentur:
230 1913 360 1940 volaticus
374 1915 448 1946 (Lob.
464 1916 536 1948 path.
553 1919 573 1945 1,
589 1918 638 1948 38).
658 1918 717 1944 Sch.
733 1918 763 1950 Q.

34 1941 118 1977 ταχὺς
140 1945 213 1978 πρὸς
239 1945 271 1972 τὸ
298 1950 453 1981 πεισθῆναι
477 1950 527 1974 καὶ
550 1948 703 1983 ίσόπτερος
730 1953 763 1978 cf.

33 1978 83 2011 Ap.
100 1981 142 2013 41,
161 1983 173 2006 1
192 1980 223 2006 Ε.
236 1981 275 2007 Μ.
291 1984 346 2014 133,
361 1985 394 2009 26
411 1983 550 2017 Povelsen,
569 1986 670 2012 emend.
690 1985 763 2011 Hau-

32 2011 90 2038 u'ne
109 2015 172 2040 1846
189 2021 215 2046 p.
233 2017 274 2041 68.

63 2043 164 2080 ἀκτήν
180 2047 270 2082 (πτήν,
288 2047 418 2082 πέτομαι.
436 2051 469 2077 Ε.
489 2052 600 2085 Goebel,
618 2053 682 2080 tht.
696 2053 713 2080 f.
730 2054 759 2080 G.

32 2080 77 2113 14,
104 2082 154 2107 268
183 2089 252 2108 nom.
284 2081 386 2117 ἀπτής,
427 2087 496 2117 ῆτος
535 2086 665 2118 defendit)
707 2096 761 2114 non

32 2113 122 2141 alatus.
171 2116 187 2140 I
213 2118 262 2143 323
295 2115 400 2150 ἀπτῆσι
435 2123 596 2153 νεοσσοῖσι,
631 2121 686 2148 sch.
719 2122 759 2147 ed.

31 2146 135 2174 Bachm.
158 2152 220 2180 τοῖς
242 2148 327 2184 μήπω
351 2154 550 2179 πετασθεῖσιν·
574 2152 607 2180 ἐκ
628 2158 681 2181 τοῦ
699 2158 761 2181 πτιῦ

31 2180 126 2207 moion>
148 2183 221 2216 πτὴν
244 2182 283 2214 ὡς
304 2186 354 2210 καὶ
378 2184 411 2212 ἐκ
432 2190 485 2213 τοῦ
513 2184 567 2220 ἔχω
596 2186 685 2222 άεχὴν
711 2190 761 2215 καὶ

32 2215 189 2250 συναιρέσει
221 2215 305 2251 ἀχήν,
341 2219 373 2246 cf.
400 2220 431 2246 E.
460 2221 496 2247 M.
528 2225 589 2256 133,
616 2225 649 2250 38
684 2224 761 2250 Eust.

34 2249 89 2282 ⁷53,
106 2253 146 2277 51.

61 2279 233 2319 ἅπτο-επής
250 2281 394 2319 (ἅπτομαι,
409 2283 486 2320 ἔπος)
495 2290 659 2323 vaniloquus.
679 2292 701 2316 Θ
711 2294 760 2318 209

23 2310 92 2351 Ἥρη
107 2315 247 2349 ἀπτοεπὲς
261 2320 432 2347 Aristarchus
447 2319 595 2357 ἀπτοεπὲς,
614 2332 681 2358 quae
696 2326 760 2351 solis

31 2350 114 2377 verbis
125 2353 216 2387 utitur,
235 2361 291 2379 rem
308 2362 362 2380 non
378 2358 459 2382 tenet.
486 2357 582 2383 Inaues
597 2359 666 2384 enim
680 2367 759 2385 voces

29 2381 96 2410 fudit
116 2386 194 2420 Iuno,
222 2394 277 2413 rem
304 2395 357 2414 non
383 2390 496 2424 curavit,
523 2392 606 2418 oblita
632 2397 759 2425 quantum

30 2417 64 2443 sit
78 2419 146 2446 Iovis
163 2421 252 2448 robur.
289 2421 375 2455 Saepe
398 2423 478 2449 etiam
501 2425 559 2452 aliis
577 2426 604 2452 in
622 2428 702 2453 rebus
726 2428 759 2453 ad

30 2451 241 2480 vociferationem
269 2455 387 2489 confugit
412 2464 498 2490 neque
525 2468 640 2492 unquam
672 2462 759 2495 magni

31 2485 170 2519 quidquam
192 2489 250 2514 sola
269 2489 361 2522 audet,
385 2489 454 2517 freta
475 2494 573 2519 auxilio
598 2498 644 2520 aut
661 2495 760 2521 Miner-

30 2525 76 2545 vae
96 2524 143 2546 aut
163 2522 291 2556 Neptuni.
331 2524 400 2550 Alii:
427 2525 571 2553 audacibus
594 2529 683 2555 verbis
712 2538 761 2555 usa

29 2551 149 2592 (lt-{eiring
167 2555 199 2582 (le
218 2557 300 2583 subst.
320 2565 378 2590 cop.
398 2557 411 2583 Ι
426 2567 451 2592 p.
466 2562 514 2594 25),
537 2562 577 2587 vel
597 2563 684 2588 verbis
699 2571 760 2589 con—

33 2588 136 2614 welosis
158 2597 212 2616 usa.
249 2591 282 2618 E.
305 2591 342 2618 M.
367 2593 423 2625 133,
445 2595 478 2621 43
504 2594 579 2625 τινὲς
603 2596 758 2623 δασύνουσι

1488 151 1547 183 159

813 224 861 248 καὶ
874 220 947 258 (Ἡρη
963 221 1115 259 άπτοεπής,
1135 225 1174 257 ὠς
1187 229 1395 264 καθαπτομένη
1411 235 1471 262 τοῖς
1486 229 1547 259 ἶπε-

813 265 871 282 σιν·
886 255 1123 293 ἐμφατικιότερον
1140 260 1172 286 δὲ
1184 259 1217 295 τὸ
1232 264 1350 295 φιλοῦν
1367 262 1477 291 τ’ὶαπτον
1490 267 1545 300 γάρ

813 289 871 316 ἐστι
896 291 930 317 τὸ
952 292 1047 319 δεινὸν
1071 290 1144 320 ὥστε
1168 297 1239 321 εἰναι
1261 297 1416 329 δεινοεπὲς,
1440 300 1472 326 cf.
1487 301 1546 326 Ari-

812 328 871 351 ston
890 326 914 353 h.
935 327 950 353 l.
969 330 996 352 et
1014 328 1050 353 ibi
1069 328 1166 356 Friedl.
1198 331 1370 357 Aristarchus
1389 333 1422 358 ad
1442 331 1545 368 ἀπτόη-

811 367 859 388 τος
877 360 1012 386 referebat
1029 362 1133 395 (1101113,
1151 364 1198 390 Ar.
1213 367 1270 390 144)
1288 369 1318 390 ut
1335 366 1370 391 sit
1386 367 1543 401 δεινοεπής.

810 393 842 418 cf.
862 394 911 426 Ap.
931 397 971 427 40,
992 397 1023 422 16
1041 396 1104 422 Hes.
1123 398 1185 423 Suid
1205 398 1215 423 1
1236 401 1258 430 1,
1276 401 1327 433 673
1349 400 1423 427 Eust.
1446 404 1502 434 709,
1521 404 1543 429 9.

809 426 931 460 Meiring,
952 429 966 454 l.
986 429 1003 455 l.
1021 432 1175 456 πτοεῖσθαι
1193 432 1294 466 timere,
1317 430 1424 464 ἅπτοος
1442 443 1495 461 non
1513 437 1544 461 ti<

810 460 895 486 midus
919 461 952 488 cf.
971 462 1084 490 DuentZ.
1106 464 1138 490 N.
1157 465 1181 491 J.
1200 466 1217 492 f.
1236 466 1283 492 Ph.
1307 469 1348 499 (39,
1367 470 1424 501 603,
1445 467 1544 495 ἀπτοε-

809 493 864 526 πὴς
886 495 967 527 igitur
989 497 1034 528 qui
1057 497 1202 524 audacibus
1229 501 1316 526 verbis
1340 502 1429 528 utitur.
1471 503 1544 529 Idem

808 527 864 553 fere
883 529 1043 561 significabit
1061 530 1214 566 ἰιητοεπής,
1233 534 1256 559 si
1270 529 1362 560 ἁπτὸν
1376 535 1407 561 τὸ
1424 535 1544 571 ἰσχυρόν

808 565 855 588 est.
891 563 944 588 Alii
967 564 1000 589 ad
1022 566 1175 592 terrendum
1201 571 1318 601 (πτοεῖν)
1339 570 1492 597 referebant
1518 575 1543 597 et

807 593 824 620 α’
843 596 901 622 int:
921 604 999 638 quae),
1008 598 1084 624 valde
1102 603 1187 626 terret
1205 602 1279 629 alios.
1313 603 1377 630 Alii:
1397 606 1543 631 καθαπτο-

805 627 875 662 μι-’νη
898 634 960 660 τοῖς
984 640 1082 657 επεσιν
1105 642 1173 666 quae
1202 636 1289 662 verbis
1317 637 1384 663 alios
1415 639 1542 672 increpat.

804 663 943 697 Doederl.,
971 666 1014 690 cui
1045 667 1106 692 oblo
1128 669 1199 694 uitur
1225 670 1337 697 Duentz.
1365 672 1381 698 l.
1404 673 1435 706 l.,
1463 674 1543 699 inter-

803 701 926 730 pretatur
952 697 1079 732 λι-’γοι-σα
1108 702 1125 726 ἱι
1156 702 1349 738 καθάπτεται,
1383 713 1542 739 quamquam

807 739 859 756 non
879 736 919 757 est
937 733 1009 764 quod
1028 734 1167 767 Neptunus
1182 738 1271 763 lovem
1290 739 1415 765 defendat
1429 748 1445 766 a
1462 742 1540 767 luno-

806 765 846 790 nis
866 767 1000 792 conviciis.
1027 767 1076 793 Est
1095 770 1175 795 etiam
1193 772 1286 803 quinta
1305 774 1448 805 explicatio
1468 776 1539 808 apud

805 799 856 831 Ap.
874 801 914 832 40,
936 802 966 827 16
985 798 1097 827 ἰὶπτωτε
1118 807 1142 829 et
1162 804 1224 831 Hes.
1244 804 1279 830 οιῖ·
1299 806 1422 839 σκάζων.

839 831 1039 868 (ι’-πτόλεμος
1059 836 1120 862 belli
1138 837 1285 871 imperitus,
1305 841 1425 868 imbellis
1450 843 1474 868 B
1489 845 1535 870 201

803 863 967 899 ἀπτόλεμος
984 870 1033 894 καὶ
1053 866 1178 905 ἄναλκις,
1198 873 1251 899 3011.
1268 874 1306 901 br.
1322 872 1442 908 ἄπειρος
1457 876 1540 903 πολέ-

802 909 859 932 μου
878 902 911 928 cf.
931 903 947 927 I
963 905 995 929 35
1012 905 1053 929 41.

836 933 927 961 iiam)
944 937 1036 965 moed.
1057 938 1096 964 Gl.
1118 941 1183 966 1090
1201 941 1255 966 Al]
1272 949 1363 974 :tp-ere
1383 947 1469 977 aptus.
1502 946 1538 972 M.

801 968 907 1002 Miiller,
931 970 1010 996 Kuhn
1028 974 1052 1004 4,
1071 974 1130 1002 3623,
1150 974 1203 1000 skr.
1221 975 1259 1008 saj
1279 976 1435 1011 adhaerere,
1463 975 1539 1012 [lo-jo)

802 999 890 1029 ἶέσσω.
923 1004 956 1030 cf.
980 1004 1069 1031 Christ
1092 1009 1147 1033 132.
1180 1008 1251 1035 Curt.
1279 1010 1311 1035 E.
1343 1019 1368 1044 p.
1387 1014 1437 1039 628
1461 1011 1539 1047 ἁφ-ή.

802 1037 840 1063 Cf.
858 1037 934 1064 Benf.
959 1041 980 1071 1,
999 1041 1057 1065 267.
1089 1044 1140 1066 act.
1163 1049 1218 1068 aor.
1237 1046 1294 1083 pte.
1323 1040 1400 1077 ἅψας
1432 1055 1452 1079 φ
1480 1050 1538 1074 408.

800 1070 871 1096 Med.
886 1079 973 1104 praes.
993 1068 1094 1098 ἅπτεαι
1115 1083 1132 1099 κ
1146 1077 1204 1108 379,
1224 1073 1341 1103 ἅπτεται
1358 1079 1382 1104 Ρ
1393 1081 1450 1110 631,
1471 1083 1538 1108 coni.

800 1100 934 1139 ἶέπτηται,
958 1106 1078 1139 imperat.
1104 1104 1241 1135 ἁπτέσθω
1261 1112 1286 1136 Β
1303 1114 1361 1145 358,
1389 1110 1536 1141 ἅπτεσθον

801 1139 816 1162 δ’
831 1140 871 1171 60,
886 1139 931 1165 inf.
944 1135 1096 1174 ἅπτεσθαι,
1110 1146 1164 1175 pte.
1181 1142 1339 1176 ἁπτόμενος
1355 1147 1371 1171 ὅ
1381 1150 1438 1181 522,
1454 1146 1538 1175 ἁπτο-

799 1170 870 1204 μένη
886 1173 914 1197 Π
927 1175 950 1205 9,
970 1172 1134 1206 ἁπτόμενον
1148 1177 1176 1202 Π
1188 1180 1246 1211 577,
1266 1177 1422 1211 ἁπτόμεναι
1438 1183 1466 1208 Ω
1480 1186 1537 1210 712.

798 1206 871 1238 inipf.
893 1204 1009 1241 ἥπτετο,
1028 1209 1074 1234 fut.
1091 1207 1210 1244 ἅψεται,
1229 1213 1274 1239 inf.
1294 1210 1432 1249 ἅψεσθαι,
1452 1224 1506 1244 aor.
1523 1221 1535 1244 1

799 1236 894 1272 ἥψατο
907 1245 933 1266 et
944 1237 1040 1274 ἅψατο
1049 1242 1536 1285 Ψ666.Βο1ς1(.ἣ’111.,ἁψὰσθηνΚ377,

796 1270 991 1308 1οἰ.ἱι’1,’ἀσθαι,
1006 1279 1058 1309 ptc.
1070 1274 1230 1311 ἁψάμενος,
1250 1278 1398 1316 ἁψαμένη,
1412 1284 1447 1316 pl.
1463 1282 1536 1317 ἁψά-

796 1316 889 1341 μενοι,
904 1316 959 1336 aor.
975 1317 1018 1342 pa.
1035 1308 1130 1344 ἑάφθη
1145 1313 1167 1342 (ἶ)
1184 1321 1208 1345 q.
1219 1316 1251 1341 c.)
1269 1320 1391 1349 annecto,
1407 1318 1494 1351 alligo.
1516 1328 1535 1351 φ

796 1344 846 1368 408
862 1340 1075 1376 ἀμφοτέρωθεν
1090 1342 1208 1379 ἔντερον
1222 1346 1292 1378 οἰός.
1316 1352 1341 1375 2)
1352 1350 1422 1378 Med,
1437 1357 1461 1383 a)
1471 1353 1536 1378 mihi

796 1376 885 1409 alligo,
904 1378 920 1402 λ
938 1380 988 1404 273
1005 1376 1116 1411 βρόχον
1135 1378 1191 1405 ἀπὸ
1210 1381 1369 1416 μελάθρου,
1397 1385 1461 1412 Suid
1479 1387 1491 1412 Ι
1512 1390 1534 1419 1,

796 1411 846 1436 924
861 1408 1052 1445 ἐξαρτήσασα,
1073 1415 1097 1441 b)
1110 1422 1152 1439 me.
1167 1415 1223 1448 ipse
1238 1421 1351 1443 annecto
1366 1419 1407 1452 ad,
1422 1421 1535 1452 prehen-

796 1444 830 1469 do
849 1445 912 1477 quid
931 1447 1060 1479 manibus,
1079 1448 1213 1474 adhaereo
1232 1451 1258 1475 in
1277 1458 1306 1476 re
1325 1451 1410 1482 τινός.
1443 1456 1466 1479 Α
1486 1457 1535 1481 512

795 1476 919 1511 γούνων,
955 1481 1006 1512 Ap.
1025 1482 1066 1513 85,
1088 1484 1118 1507 13
1136 1481 1412 1519 πολλάκιςὍμηρος
1429 1491 1531 1521 χρῆται

796 1514 836 1546 τῷ
856 1509 987 1545 ἅψασθαι
1012 1512 1074 1539 ἀντὶ
1097 1519 1149 1541 τοῦ
1172 1515 1364 1552 ἐπιλαβέσθαι
1383 1521 1446 1548 Hes.
1471 1521 1533 1548 ἐλά·

796 1547 873 1579 βετο,
892 1546 1086 1582 προσέφυγεν,
1105 1550 1327 1585 παρεκράτησεν
1345 1555 1416 1586 quod
1435 1557 1534 1590 suppli-

796 1587 840 1605 003
854 1581 943 1606 facere
959 1583 1089 1615 solebant,
1108 1585 1140 1609 cf.
1158 1585 1184 1609 Φ
1198 1587 1230 1612 65
1244 1586 1272 1611 Ω
1285 1589 1334 1613 357
1354 1591 1368 1620 ζ
1384 1591 1433 1615 169
1446 1599 1463 1622 χ
1475 1592 1532 1617 339.

798 1614 819 1638 Ο
838 1616 870 1641 76
893 1613 973 1646 ἐμεῖο
997 1614 1111 1649 γούνων
1134 1618 1166 1643 (le
1193 1627 1245 1651 quo
1273 1620 1332 1647 loco
1361 1623 1533 1650 Aristarchus

795 1648 899 1674 videtur
922 1649 1070 1683 dubitasse,
1096 1652 1184 1678 Bekk.
1204 1656 1339 1686 expunxit.
1375 1656 1403 1681 A·
1420 1660 1470 1684 454
1488 1667 1533 1691 γε·

796 1681 875 1707 νειόι·
897 1682 986 1716 χειρί,
1012 1684 1043 1711 ef.
1064 1693 1079 1710 τ
1096 1688 1154 1712 473.
1194 1688 1286 1715 ²115&
1309 1686 1404 1715 ἵππων
1432 1692 1531 1721 iurans,

795 1716 837 1741 cui
856 1718 917 1748 equi
935 1725 984 1750 pro
1002 1719 1115 1745 testibus
1135 1725 1204 1747 sunt.
1233 1722 1320 1748 Aliter
1334 1723 1410 1750 Eust.
1427 1728 1500 1759 1317,
1514 1730 1531 1752 4

793 1748 930 1783 βούλεται
950 1754 1012 1782 τοῖς
1029 1750 1128 1784 ἰ’ῖιποις
1149 1753 1178 1780 τὸ
1199 1758 1249 1786 τῆς
1270 1754 1421 1789 ἐπιορκίας
1439 1759 1530 1785 κακὸν

795 1781 980 1817 ἐπισκήπτειν
999 1784 1026 1811 εἰ
1044 1785 1059 1811 ὂ
1084 1782 1201 1821 ἡνίοχος
1226 1790 1375 1822 ψεύσεται,
1399 1792 1430 1819 cf.
1451 1793 1531 1819 Faesi

794 1818 827 1843 ad
847 1819 872 1844 Ξ
885 1821 941 1845 272.
966 1820 990 1846 h.
1006 1820 1071 1846 Ven.
1087 1825 1119 1847 27
1138 1824 1266 1856 κεφαλῆς
1284 1824 1393 1857 πατρός
1411 1826 1531 1853 Minerva

791 1852 890 1879 iurans.
922 1853 1056 1887 Lugentes
1080 1858 1107 1880 „Q
1126 1858 1173 1882 721
1194 1855 1244 1882 τὸν
1263 1857 1426 1893 τιλλέσθην,
1446 1855 1531 1886 ἁπτό-

790 1894 874 1916 μεναι
889 1890 1028 1921 κεφαλῆς,
1043 1889 1087 1914 ubi
1103 1890 1201 1923 Spitzn.
1216 1899 1269 1917 non
1284 1896 1313 1917 ut
1328 1893 1372 1918 alii
1384 1893 1433 1919 τὸν
1444 1892 1530 1921 ἁπτό-

789 1928 873 1951 μεναι
892 1923 1022 1954 κεφαλῆς
1037 1924 1172 1949 coniunxit
1187 1925 1233 1950 sed
1249 1933 1307 1951 00111
1321 1927 1426 1960 Hepiio
1440 1928 1529 1955 τίλλε-

790 1953 860 1979 σθαί
878 1963 950 1987 τινα,
969 1959 1049 1988 atque
1067 1961 1148 1990 poeta
1173 1966 1222 1991 pro
1240 1960 1342 1984 κλαῖον
1360 1961 1526 1993 τιλλόμεναι

789 1988 859 2019 quod
873 1989 1062 2016 subiuncturus
1077 1995 1142 2024 erat,
1162 1992 1268 2018 brevius
1283 1993 1349 2020 dixit
1362 1995 1526 2031 τιλλέσθην.

787 2022 883 2047 Damm
908 2024 1010 2050 statuit:
1042 2020 1111 2058 ἱπὲρ
1136 2023 1186 2050 τόν
1208 2034 1289 2059 super
1307 2035 1378 2062 eum,
1404 2035 1433 2056 ut
1450 2031 1527 2058 Eust.

790 2058 863 2089 1372,
888 2059 919 2082 14
948 2055 1011 2082 ἀντὶ
1034 2061 1086 2083 τοῦ
1109 2058 1151 2089 εἰς
1174 2063 1279 2086 τοῦτον
1303 2059 1319 2095 ἢ
1346 2062 1392 2088 διὰ
1415 2067 1526 2092 τοῦτον.

788 2090 810 2115 Θ
828 2092 878 2117 339
901 2088 979 2120 κύων
997 2089 1067 2122 συὸς
1092 2088 1211 2126 ἅπτηται
1236 2094 1412 2130 κατόπισθε,
1441 2100 1527 2124 ποσὶν

789 2120 915 2157 διώκων,
944 2123 1022 2157 ἰσχία
1050 2134 1080 2152 τε
1108 2125 1249 2159 γλουτούς
1271 2137 1316 2164 τε,
1343 2131 1388 2157 ubi
1412 2132 1526 2158 διώκων

787 2158 863 2183 Wolf
878 2166 911 2183 ex
930 2159 961 2185 V.
981 2159 1086 2185 reduxit
1103 2169 1153 2194 pro
1172 2161 1330 2194 πεποιθώς.
1357 2165 1427 2191 Nam
1444 2171 1525 2200 poeta

789 2189 867 2224 ἰσχία
887 2193 952 2218 dixit
971 2194 1047 2225 quasi
1067 2202 1082 2219 a
1101 2196 1235 2227 sequendo
1258 2202 1395 2231 regeretur
1418 2208 1471 2226 non
1491 2202 1523 2227 ab

788 2226 921 2252 irruendo
941 2226 1035 2260 Neque
1049 2230 1202 2255 necessario
1217 2232 1291 2257 canis
1305 2233 1439 2260 mordicus
1454 2242 1524 2261 00111-

787 2260 962 2292 prehendisse
980 2269 1074 2294 aprum
1088 2263 1222 2295 putandus
1236 2269 1284 2298 est,
1305 2266 1351 2292 sed
1365 2268 1453 2300 potius
1468 2273 1524 2295 tam

786 2301 871 2326 prope
885 2294 967 2320 fuisse
981 2299 1010 2320 ut
1023 2296 1190 2328 prehendere
1203 2306 1283 2331 posse
1301 2300 1444 2329 videretur.
1467 2303 1522 2329 Ali-

787 2332 828 2352 ter
850 2327 975 2366 Doederl.
995 2328 1035 2354 Gl.
1055 2332 1118 2357 1091
1144 2332 1266 2365 explicat.
1306 2334 1329 2359 Y
1344 2337 1394 2361 468
1418 2333 1522 2369 ἥπτετο

784 2361 895 2394 χείρεσι
915 2370 1037 2396 γουνων,
1058 2365 1238 2397 prehensurus
1256 2371 1371 2400 tantum;
1391 2370 1434 2395 vix
1453 2371 1522 2397 enim

786 2395 888 2420 videtur
907 2396 1026 2429 attigisse
1045 2399 1185 2433 Achillem,
1204 2401 1249 2433 qui
1267 2402 1352 2434 hepar
1370 2404 1521 2431 accedentis

786 2429 941 2463 volneravit,
965 2430 998 2457 cf.
1016 2431 1122 2465 Kriiger
1139 2434 1154 2467 ξ
1173 2436 1218 2467 53,
1239 2439 1261 2467 1,
1281 2437 1304 2469 7,
1322 2451 1354 2455 ——
1374 2440 1397 2469 c)
1415 2446 1520 2464 manum

787 2463 914 2489 admoveo
937 2465 1020 2497 operi.
1056 2466 1081 2491 B
1101 2469 1148 2494 152
1172 2471 1261 2502 νηῶν,
1291 2469 1323 2496 cf.
1348 2471 1373 2495 B
1395 2474 1440 2498 171
1461 2475 1518 2500 358.

786 2498 805 2530 β
819 2499 868 2523 423
888 2506 903 2521 0
919 2500 968 2524 288
988 2495 1092 2533 ὅπλων,
1112 2502 1128 2525 δ
1142 2504 1175 2528 00
1193 2502 1284 2536 σίτου,
1302 2512 1320 2528 κ
1334 2506 1383 2530 379
1401 2505 1520 2540 βρώμης

787 2528 838 2562 σι’-χ
859 2526 960 2557 ἅπτεαι
981 2530 1048 2559 οὐδὲ
1066 2538 1199 2569 ποτῆτος,
1217 2545 1233 2561 τ
1248 2539 1280 2563 28
1295 2535 1364 2571 ἐμῆς
1380 2543 1521 2574 χοίνικος,

787 2565 841 2591 sch.
862 2565 971 2598 τροφὰς
990 2566 1139 2602 λαμβάνει,
1158 2578 1173 2594 τ
1187 2572 1237 2596 344
1253 2569 1352 2604 ποδός,
1371 2581 1386 2598 τ
1402 2576 1452 2600 348
1470 2582 1519 2599 πο-

788 2599 846 2623 ὁιῦν
865 2597 953 2631 ἐμεῖο.
968 2615 1000 2619 -
1015 2601 1040 2634 (l)
1053 2610 1159 2629 manum
1179 2604 1266 2638 inicio,
1285 2607 1401 2639 corripio
1415 2615 1472 2633 rem
1490 2611 1519 2634 ut
