1705 2767
29 203 195 242 προπαστὰς
217 206 266 232 καὶ
289 204 306 232 ὁ
328 204 490 247 πρόδριμος·
518 207 634 238 τοιοῦτο
658 206 689 232 δέ
716 216 759 232 τοι

29 241 76 269 καὶ
94 239 195 274 ἐξέδρα
212 242 263 273 τῆς
282 238 390 269 οἰκίας,
408 241 464 270 εξω
483 241 563 264 πᾶσα
581 240 668 273 οὖσα,
687 238 760 274 πρὸς

0 287 4 303 ῑ
32 277 101 309 αντῇ
113 277 149 308 τῇ
163 272 265 309 είςόδῳ
280 272 542 305 κατεσκευασμένη·
561 276 606 304 οἱς
621 273 655 307 δὴ
670 283 761 307 παρα-

0 321 4 341 i
30 309 153 342 πλησίως
171 308 220 334 καὶ
239 306 272 333 τὸ
291 306 405 333 κλίσιον
423 303 478 338 ἔξω
497 310 551 333 τοῦ
566 306 662 342 ρῖκου,
681 309 759 335 schol.

0 353 4 375 μ
31 343 55 370 V
75 341 176 375 ἐξέδρα
201 350 244 372 τις
271 340 483 375 σιγματοειδής,
507 342 538 374 εζν
560 343 577 376 ᾐ
602 339 712 368 ἔκειντο
732 342 759 368 οὶ

0 391 5 415 f
29 376 155 408 κλισμοί·
178 373 194 409 ἢ
217 376 401 409 κρηπίδωμα,
425 373 470 408 ἐφ’
490 376 523 401 οὑ
547 374 723 408 ἐκαθέζοντο
744 374 759 409 ἢ

6 428 7 431 =
30 409 199 443 ἐκοιμῶντο,
225 411 276 443 Ap.
299 410 380 442 soph.
401 412 462 441 100,
482 412 515 436 19
536 411 579 436 κλ.
602 413 661 436 τῶν
685 407 760 441 ἅπαξ

31 453 46 471 ε
76 443 185 477 ημένων
203 465 209 470 .
229 465 235 471 .
253 442 284 470 ἐν
305 446 347 478 τῷ
369 443 491 478 (κλισίῳ)
513 443 577 469 ἀντὶ
600 447 653 470 τοῦ
671 442 702 470 ἐν
720 447 761 479 τῷ

30 487 46 505 ο
76 485 112 514 ῳ·
135 473 150 504 ὁ
173 476 227 510 μὲν
240 474 416 511 Ἡλιόδωρος
438 479 488 508 τὰς
511 477 608 512 κύκλῳ
631 479 681 504 καὶ
704 475 759 510 ἔξω

29 510 195 542 καταλύσεις
227 508 341 544 εἷ’ρηκεν
368 531 374 537 .
398 531 404 537 .
432 507 448 544 ᾗ
481 511 512 538 δὲ
542 510 643 538 Ἀπίων
674 514 760 545 φησὶν

29 542 128 576 οὕτως·
145 547 188 572 κλ.
207 540 223 578 ἢ
242 543 339 579 βάσις,
363 543 407 579 ἐφ’
427 547 459 578 ῆς
481 549 574 572 κεῖται
599 544 614 572 ὁ
638 546 759 579 θρόνος

29 580 109 615 ,περὶ
128 577 159 606 δὲ
181 579 296 605 κλίσιον
317 578 369 606 θέε
387 579 498 619 πόντῳ
517 576 534 606 ὅ
552 578 612 606 ε’στι
633 581 669 606 δι’
689 577 759 606 ὅλου

30 616 82 642 τοῦ
98 610 190 640 οἴκου.
225 614 301 641 Eust.
319 616 361 646 78,
375 616 392 640 2
411 622 470 640 εστι
491 613 628 640 δουλικὸν
646 614 761 645 εὐτελὲς

6 671 8 673 ,
30 644 141 682 obtqua,
165 646 204 678 ὠς
223 646 255 673 δὲ
273 650 314 682 τῴ
333 648 420 673 Δίωνι
441 649 537 682 δοκεῖ,
559 646 592 674 τὸ
616 652 674 674 τιῦν
692 658 760 682 προ-

27 680 121 717 βάτων
139 680 333 708 σκεπαστικὸν
354 683 404 708 καὶ
427 680 606 715 φυλακτικὸν
625 682 760 716 οἰκίδιον,

29 713 136 746 εὐτελὲς
157 713 285 750 πάν-τως,
312 716 345 742 cf.
371 718 444 749 1957,
467 718 512 751 58;
539 717 614 744 Eust.
635 719 708 751 1957,
727 720 758 743 51

30 748 169 780 οἰκετικὸς
192 749 274 780 οἰκός
298 748 377 776 ἐστιν
405 748 523 783 εὐτελὴς
548 752 598 776 καὶ
626 751 692 777 οἱόν
718 760 760 781 τις

10 776 132 818 κλισία,
157 784 225 817 περὶ
249 781 284 817 ἢν
303 785 398 816 δμῶες
421 782 505 810 ἴαυον
529 785 615 817 (addit
634 788 707 818 1957,
727 788 759 812 39

10 812 111 845 'exord
132 826 159 843 τι
180 818 343 851 χαράκωμα
364 821 423 844 τιιῖν
445 817 527 849 ἐντὸς
549 816 566 852 ἢ
589 820 640 845 καὶ
659 817 760 851 ἑρκίον

11 849 192 884 &achimei
215 851 292 886 παρὰ
314 852 414 884 μέντοι
431 850 567 883 Ἀττικοῖς
589 851 622 879 τὸ
646 853 759 879 κλίσιον

13 877 140 919 ἶᾶμαξῶν
157 886 206 912 καὶ
227 887 337 920 ζευγῶν
355 884 416 912 ἐστι
439 886 585 921 δεκτικόν,
609 884 624 913 ὃ
644 886 757 922 λέγεται

14 918 93 951 τοὺς
108 917 262 952 Ῥωμαίους
280 919 361 954 παρὰ
379 919 431 955 τὴν
449 922 552 947 στάσιν
570 923 694 947 σταῦλον
711 931 759 947 κα-

14 939 94 988 ἠλεῖν,
113 954 170 980 fere
192 954 292 981 eisdem
314 955 402 981 verbis
425 956 506 982 schol.
518 956 596 982 vind.
614 959 660 989 56·,
682 957 758 982 Eust.

13 990 100 1027 31957,
117 990 149 1015 59
172 986 203 1014 ἐν
219 992 282 1021 τοῖς
300 988 466 1023 ῥητορικοῖς
484 991 610 1021 λεξικοῖς
628 990 759 1016 κλείσιον

14 1039 21 1063 3
39 1027 42 1034 ¹
65 1018 146 1057 ρεαίν,
161 1020 192 1048 ἐν
208 1033 231 1058 ῳ
246 1023 296 1048 καὶ
311 1022 395 1056 ζεύγη
413 1021 526 1050 ἵσταται
544 1024 586 1056 (cf.
602 1025 633 1050 E.
648 1025 686 1051 M.
700 1027 758 1056 520,

15 1058 72 1090 2215,
86 1056 118 1084 Ε.
137 1056 168 1082 G.
187 1059 248 1090 328,
267 1059 320 1087 28)·
344 1056 444 1089 Αἴλιος
463 1057 494 1084 δὲ
513 1058 666 1089 Διονύσιος
683 1060 758 1084 κλει-

16 1090 90 1128 1«lov
106 1091 192 1124 φησὶν
210 1088 249 1121 ὡς
266 1092 404 1124 κλειδίον,
422 1093 472 1118 καὶ
491 1089 534 1118 ὅτι
555 1091 656 1126 θυρῶν
671 1096 757 1118 tosto

11 1126 22 1157 ²,-
47 1136 60 1162 j
84 1133 113 1155 ς
129 1145 135 1150 .
149 1145 156 1151 .
175 1121 206 1150 ἐν
225 1122 314 1159 ἑτέρῳ
335 1124 365 1151 δὲ
384 1125 500 1160 γράφει,
519 1123 562 1152 ὅτι
577 1124 706 1162 Ἀμερίας
723 1124 757 1152 τὸ

18 1163 39 1194 3„
55 1155 176 1201 όστῳρν
190 1156 263 1202 ἴσως
277 1160 357 1192 παρὰ
371 1157 476 1193 Ἴωσιν,
500 1156 539 1191 ὦς
556 1162 607 1186 καὶ
622 1159 758 1194 Ὅμηρος,

21 1194 40 1212 '-
55 1209 58 1213 ι
74 1202 102 1218 α
124 1194 156 1218 δε
177 1196 240 1224 τοῖς
257 1195 392 1225 Αττικοῖς
413 1195 543 1220 κλείσιον
566 1192 582 1220 ό
600 1194 691 1229 μέγας
708 1197 759 1221 θυ-

20 1234 21 1237 ’
37 1225 92 1266 ιαξν.
126 1226 156 1253 G.
170 1227 249 1254 Dind.
267 1228 295 1254 in
309 1228 399 1262 Steph.
414 1229 477 1256 lex.:
497 1229 597 1262 „Attici
616 1231 638 1255 si
657 1229 759 1263 syllaba

32 1272 41 1283 ,.
76 1271 102 1283 n:
126 1261 258 1295 producta
275 1262 316 1288 usi
333 1266 406 1296 sunt,
429 1264 472 1289 cui
490 1271 632 1289 mensurae
648 1272 701 1290 non
719 1271 759 1289 re-

20 1296 25 1329 j
40 1295 301 1329 ιι;ι81;Αητίρ11ω]ἰε
319 1295 412 1330 fragm.
435 1305 451 1323 a
468 1297 577 1324 Polluce
594 1301 622 1331 4,
643 1300 691 1324 125
714 1305 759 1331 ap-

23 1329 147 1361 '··:‹·tum,
164 1330 205 1356 his
223 1330 320 1363 ubique
338 1331 469 1357 κλεισίον
487 1332 681 1358 restituendum
700 1339 759 1358 esse

19 1359 41 1398 {¹
60 1365 106 1391 ινδ.
140 1363 198 1390 Hoc
215 1364 296 1397 igitur
313 1365 398 1391 subst.
417 1373 434 1391 a
450 1366 539 1391 κλείω
554 1371 595 1392 est
612 1366 758 1392 derivatum

38 1408 40 1419 ι
63 1408 74 1420 ι
90 1405 140 1430 que
158 1398 230 1424 aliud
248 1398 398 1432 significare
415 1403 505 1433 potest
518 1401 569 1426 nisi
584 1400 670 1426 locum
689 1401 759 1426 clau-

35 1442 76 1454 »ιιι
123 1432 180 1458 Hoc
202 1435 291 1458 autem
313 1441 372 1460 cum
394 1435 514 1469 κλεισίῳ
537 1435 602 1460 nihil
621 1442 758 1460 commune

37 1476 54 1487 ιιι
69 1467 105 1492 et
120 1465 198 1492 Hom.
216 1466 344 1500 κλίσιον,
362 1468 432 1500 quod
450 1476 465 1494 a
483 1468 586 1502 κλίνω,
605 1472 635 1495 ut
651 1468 758 1501 κλισία,

23 1497 194 1526 ”oriundum
216 1508 278 1527 esse
299 1501 359 1534 ipsa
377 1502 496 1536 syllabae
513 1503 615 1536 primae
634 1510 759 1529 mensura

26 1544 39 1555 ι’
56 1562 58 1564 ,
123 1533 311 1573 dubitationem
341 1539 457 1569 positum
485 1541 532 1563 est.
572 1537 614 1562 Ex
641 1545 693 1570 quo
720 1545 759 1563 se-

25 1570 116 1607 ,mml-
131 1568 243 1594 ahenam
261 1569 295 1596 ab
313 1570 365 1595 hoc
386 1571 513 1597 vocabulo
531 1579 590 1597 esse
608 1572 658 1597 loci
677 1571 759 1598 clausi

26 1601 251 1636 »gnificationem‚
274 1608 399 1638 recteque
418 1605 548 1631 iudicasse
566 1606 757 1632 Aristarchum.

27 1638 39 1672 s
56 1646 59 1656 ι
76 1636 83 1641 “
112 1639 200 1663 autem
217 1637 290 1664 locus
312 1646 365 1664 non
386 1640 472 1672 potuit
489 1639 604 1665 κλίσιον
622 1640 758 1673 appellari,

27 1669 96 1696 ιιιοᾱ
111 1670 191 1698 subst.
213 1671 279 1697 nihil
301 1672 374 1698 aliud
396 1673 557 1706 significaret
579 1674 628 1700 nisi
651 1675 758 1707 κλισία,

41 1714 67 1726 1»
89 1705 230 1737 periectico
244 1705 377 1740 designari
395 1708 500 1733 nomine
519 1707 610 1734 debuit
628 1707 757 1741 κλισιιίν,

26 1738 47 1759 ἰ
69 1745 108 1769 ος.
146 1739 204 1765 Hoc
230 1740 311 1773 igitur
336 1741 454 1768 Homero
482 1741 673 1768 restituendum
699 1750 758 1768 esse

14 1805 18 1808 .
45 1779 76 1811 gp
91 1772 211 1807 arbitror,
232 1775 301 1808 περὶ
325 1773 355 1800 δὲ
374 1775 495 1801 κλισιῶν
513 1774 565 1802 θέε
587 1775 688 1809 πάντῃ,
710 1784 758 1802 nec

46 1815 65 1828 Ιιι
99 1806 170 1833 dum
186 1810 227 1834 tot
248 1808 309 1834 inde
333 1809 368 1835 ab
385 1810 540 1836 Aristarcho
558 1818 640 1844 usque
658 1811 691 1836 ad
709 1819 758 1837 no-

58 1850 76 1879 ³'.
95 1851 121 1863 n:
153 1841 218 1868 haec
250 1845 372 1876 tempora
402 1845 590 1877 grammaticos
620 1845 757 1878 antiquam

35 1876 448 1937 Ὕαιὶι2ἐίΛζΣΙῖΝ)ωῆΙε
467 1879 758 1938 εεεὲίίῃῐεῑρτεζῑαῒοε“.

15 1936 17 1938 ·
67 1930 170 2002 ,ἀντι-,ν
188 1919 758 1979 οεκῖἕνῖπᾈᾶἔηέῑῖίέῖατῖιῖἷῗὲἕῖἔιῗέἵῗ

97 1985 155 2003 εστι
177 1979 308 2011 σταθμὸς
331 1976 506 2015 ὑποζυγίων,
531 1982 563 2008 cf.
587 1982 668 2008 verba
690 1989 758 2015 quae

76 2014 170 2038 uuntur
188 2016 215 2038 et
232 2013 297 2041 Poll.
316 2016 345 2048 9,
363 2016 404 2042 50.
439 2015 482 2041 De
498 2015 562 2042 Hes.
586 2016 648 2042 dicit
666 2015 756 2042 Dind.:

3 2074 10 2085 J
52 2051 99 2071 aus
117 2045 150 2078 gl.
168 2045 241 2087 dnae.
253 2051 327 2082 sunt,
350 2057 461 2083 quarun]
480 2050 552 2083 prior
570 2050 684 2075 κλισίον
701 2051 759 2081 (sic)

50 2078 206 2114 ανδοχεῖον,
225 2079 241 2113 ὴ
260 2080 358 2116 βάσις,
382 2081 426 2113 ἐφ’
447 2084 463 2116 ᾐ
481 2083 593 2109 τίθεται
613 2082 629 2109 ὁ
649 2083 757 2117 θρόνος

54 2119 134 2139 mrum
150 2115 335 2148 complectitur
352 2118 583 2151 grammaticorum
602 2118 757 2152 explicatio-

39 2156 71 2168 ιιι
86 2146 119 2173 ab
131 2148 181 2181 Ap.
192 2149 270 2182 Soph,
287 2153 343 2184 100,
359 2153 390 2178 19
400 2159 444 2185 ss,
463 2153 599 2185 expositas
617 2155 649 2184 (v.
658 2154 755 2186 supra).

69 2190 86 2202 νι
100 2181 144 2208 :da
157 2182 280 2221 ljesychii
295 2185 384 2217 glossa
397 2185 464 2212 haec
477 2190 531 2212 est:
551 2186 673 2212 Κλισίον
687 2195 757 2220 προ-

64 2222 104 2249 ας,
115 2223 278 2258 προστωον,
292 2219 341 2244 καὶ
355 2221 436 2253 βοῶν
450 2219 549 2250 στάσις
564 2221 612 2246 καὶ
628 2217 756 2251 εἴσοδος·

61 2255 99 2274 τοι
118 2258 169 2280 τας
190 2253 242 2276 τοῦ
263 2254 396 2284 πυλῶνος
420 2253 514 2287 θύρας
537 2254 686 2288 πλατείας,
715 2253 757 2284 εἰς

53 2281 197 2324 ς,δῦνατᾳι
219 2286 320 2320 ζεῦγος
338 2288 419 2321 βοιῦν
438 2287 591 2318 εἰςελθεῖνε
614 2289 664 2315 hae
681 2290 756 2314 κλει-

59 2317 123 2356 αδες
143 2319 230 2358 θυραι
258 2325 330 2354 sunt,
357 2329 423 2354 quas
446 2330 505 2348 cum
528 2323 571 2350 κλ.
594 2323 755 2356 οοῃῇιιτιᾱίϋζ.

58 2360 67 2371 ²
85 2361 91 2372 ι
104 2361 106 2372 ³
120 2351 242 2395 'demque
259 2355 293 2387 gl.
312 2355 412 2388 στήλη·
432 2354 461 2382 οἱ
481 2355 512 2382 δὲ
530 2358 669 2391 κρηπῖδα,
689 2355 720 2383 ἐν
739 2358 755 2390 ᾗ

111 2393 172 2412 ονοι
195 2396 318 2414 εκειντο·
342 2389 495 2420 Διονύσιος
519 2389 550 2416 δὲ
568 2391 756 2421 Ποσειδῶνος

55 2450 62 2456 .
81 2430 85 2439 ι
107 2439 115 2446 .
141 2434 169 2440 -
197 2422 353 2449 Friedreich
383 2424 494 2450 Realien
524 2426 586 2458 308,
618 2425 756 2451 Guenther

54 2451 172 2481 ·ehzucht
189 2456 230 2482 bei
247 2457 326 2484 Hom.
337 2460 360 2484 7.
375 2473 406 2477 —
420 2458 610 2485 Friedlaender
623 2462 639 2486 2
653 2460 754 2486 Woert.

4 1970 6 1973 .
56 1954 59 1963 ι

60 2505 196 2556 κλισμός
212 2524 324 2557 (κλίνω,
342 2525 374 2551 de
389 2526 470 2552 subst.
484 2527 511 2552 iu
528 2535 584 2557 μος
599 2527 754 2554 exeuntibus

64 2551 93 2580 L.
105 2554 196 2590 Meyer
211 2559 262 2592 vgl.
277 2560 322 2585 Gr.
341 2560 366 2585 11
385 2562 435 2587 298
449 2563 507 2594 372,
522 2561 652 2587 Woerner
669 2562 753 2588 subst.

63 2594 96 2613 m.
107 2590 155 2622 34).
188 2591 326 2625 Leguntur
343 2594 478 2627 κλισμοῖο
494 2595 533 2621 bis
551 2598 664 2629 (tantum
682 2596 709 2621 in
728 2596 753 2621 h.

705 123 839 164 κλισμὸς

1461 126 1521 156 827

789 207 869 239 Cen),
888 209 911 238 ῷ
929 209 972 233 ter
998 205 1031 232 όν
1049 207 1131 233 semel
1148 208 1176 239 (α
1196 208 1265 239 132),
1289 208 1347 232 οῖσι
1369 208 1420 239 (ter
1438 207 1465 232 in
1483 208 1522 241 Il.,

788 241 868 266 semel
891 241 918 266 in
939 228 986 267 Od.
1010 244 1036 267 et
1053 249 1076 268 v.
1094 241 1110 266 l.
1129 249 1146 274 ρ
1165 242 1220 273 87),
1240 237 1290 270 otis
1308 240 1390 267 octies
1412 243 1523 272 (tantum

787 275 814 300 in
833 274 895 306 Od).
931 275 1018 301 Multo
1036 276 1143 308 saepius
1160 275 1187 301 in
1206 274 1253 301 Od.
1271 274 1432 307 (duodecies)
1444 282 1523 308 quam

788 309 814 333 in
837 309 866 335 Il.
890 312 1003 341 (quater)
1025 312 1052 335 et
1072 309 1176 343 hymnis
1197 309 1264 341 (bis).
1300 309 1459 335 Producitur
1480 317 1523 335 vo-

788 342 853 368 calis
871 343 957 368 brevis
979 346 1041 369 ante
1058 344 1102 370 κλ.
1121 343 1240 369 omnibus
1257 342 1330 369 locis.
1365 343 1417 369 Est
1434 343 1476 368 κλ.
1496 343 1523 369 in

788 376 897 402 introitu
916 384 1005 403 versus
1024 377 1105 403 semel
1122 379 1148 411 (ρ
1167 379 1217 410 97),
1234 381 1296 410 post
1313 377 1386 403 arsin
1404 379 1428 404 2.
1446 376 1523 410 pedis

787 411 934 444 quinquies,
948 415 1008 444 post
1022 411 1093 437 arsin
1102 414 1126 438 4.
1136 411 1212 444 pedis
1222 411 1361 437 duodecies
1373 409 1523 443 (κλισμούς

787 444 886 476 octies).
918 446 1003 471 sella
1020 445 1054 471 ad
1071 445 1253 471 reclinandum
1267 445 1470 478 accommodata,
1489 446 1522 471 cf.

788 478 854 503 Poll.
870 480 909 511 10,
927 481 973 511 473
1000 480 1050 513 Ap.
1074 480 1154 513 Soph.
1180 482 1240 513 100,
1264 482 1295 506 15
1322 478 1432 513 θρόνος
1457 478 1523 505 ἀνά-

787 513 887 537 κλιτον
910 509 995 546 ἔχων,
1026 514 1058 539 Ε.
1080 513 1117 539 M.
1145 516 1206 547 520,
1232 516 1261 547 6,
1290 513 1323 539 Ε.
1347 514 1377 540 G.
1404 515 1466 546 328,
1491 516 1523 540 14

787 543 891 579 θρόνοι
912 544 1025 579 ἔχοντες
1053 545 1229 580 ἀνακλίσεις-
1258 547 1337 581 παρὰ
1364 547 1397 573 τὸ
1424 546 1522 580 κλίνω,

788 581 819 605 cf.
834 580 899 606 Zon.
913 584 986 614 1217,
1005 581 1049 613 qui
1067 582 1141 607 addit
1156 580 1172 614 ἡ
1187 581 1328 615 καθέδρα,
1346 582 1523 615 interpretan-

787 618 831 639 tur
853 613 986 648 καθέδρα
1013 615 1044 641 Ε.
1065 615 1094 641 G.
1114 617 1176 647 328,
1198 618 1230 642 53
1253 619 1281 642 et
1303 616 1388 649 SuitL,
1416 616 1523 649 δίφρον

789 647 946 674 ἅνάκλιτον
965 645 1079 683 ἔχοντα,
1098 648 1246 682 καθέδραν
1264 650 1371 676 schol.V
1385 650 1418 676 ad
1433 658 1450 675 α
1466 652 1522 683 132,

788 679 963 716 ἀνάκλιντρα
981 683 1057 709 Eust.
1075 686 1134 716 434,
1155 686 1198 716 13;
1217 684 1280 710 Hes.
1298 682 1402 717 θρόνοι
1421 680 1438 718 ἢ
1457 681 1523 709 ἀνά-

786 717 905 749 κλιντρα
931 721 958 743 et
983 724 1002 742 s.
1031 725 1054 744 v.
1081 716 1248 752 κλ[ε]ισ,αός,
1279 716 1401 752 θρόνος,
1431 717 1522 751 κλίνη,

787 749 914 784 κλιντήρ,
931 751 1008 777 Eust.
1026 754 1099 784 1400,
1118 755 1150 778 25
1170 750 1248 782 εἰδός
1265 759 1292 777 τι
1311 751 1432 786 θρόνου,
1451 748 1521 785 ὅπερ

787 785 836 810 καὶ
859 784 956 810 ἀνακλ.
980 783 1057 817 παρὰ
1080 788 1141 816 τοῖς
1164 783 1288 819 ὕστερον
1309 785 1432 819 λέγεται.
1467 786 1522 812 Ad-

786 819 910 845 miniculo
941 819 986 845 illo
1017 820 1130 846 maxime
1161 820 1258 846 diversi
1288 820 1411 846 videntur
1441 819 1523 846 fuisse

787 852 893 885 θρόνοι
908 856 935 879 et
953 853 1083 886 κλισμοί,
1107 854 1226 880 distinxit
1249 854 1331 880 schol.
1354 854 1426 886 EPQ,
1447 854 1482 880 ad
1504 863 1522 879 α

788 889 836 913 145
863 889 906 914 κλ,
933 887 1008 913 εἰσιν
1035 886 1061 913 οἱ
1087 885 1201 920 ἔχοντες
1221 889 1360 922 κλιντῆρα
1386 886 1522 920 ἐξέχοντα

786 920 860 954 πρὸς
886 920 938 954 τὴν
963 923 1022 947 τῶν
1049 919 1134 953 ὤμων
1162 920 1336 948 ἀνάπαυσιν
1364 919 1394 948 ἐν
1422 921 1522 952 αὐτοῖς

787 954 1242 1022 32²“flius‘’oif'ssg'ssaffz‘ssss&223
1255 954 1396 1016 0ξᾶἶῖἡὸ
1399 964 1448 1023 ΞἼΞ
1452 954 1522 1017 ‘192²

785 1024 862 1050 Eust.
874 1018 947 1057 1493,
958 1027 1011 1051 2ss.
1021 1010 1131 1057 θρόνός
1142 1011 1309 1057 ἐλευθέριός
1320 1022 1379 1050 ἐστι
1391 1011 1522 1057 καθέδρά

786 1056 837 1096 σι”,ν
856 1055 1008 1092 ὑποποδίῳ
1024 1078 1046 1085 ..
1063 1057 1078 1084 ὁ
1094 1058 1124 1084 δὲ
1143 1057 1264 1089 κλισμὸς
1282 1058 1457 1092 περιττέρως
1475 1066 1521 1084 κε-

785 1100 925 1133 κοσμηται
937 1090 983 1118 ἐπὶ
994 1090 1154 1118 ἀνακλίσει·
1164 1091 1274 1118 τούτων
1286 1093 1309 1117 δ’
1319 1091 1522 1125 εὖτελέστερος

785 1126 1282 1193 fodezuff‘5522222321›2‘¹2{¹¹2319&
1298 1126 1335 1186 {i
1346 1128 1428 1186 ῙΕἶὲι
1449 1127 1524 1193 {233}

786 1197 826 1222 28.
863 1195 1020 1221 Accuratius
1038 1195 1071 1220 de
1089 1194 1210 1227 κλισμὸς
1228 1195 1396 1228 disputarunt
1410 1194 1526 1220 Grashof

787 1229 972 1262 Hausgeraeth
994 1229 1035 1255 bei
1053 1229 1129 1255 Hom.
1153 1237 1177 1255 u.
1196 1229 1259 1254 Hes.
1282 1237 1306 1262 p.
1325 1231 1405 1262 6-8,
1427 1228 1523 1254 Brosin

786 1264 819 1289 de
838 1264 926 1289 coenis
944 1263 1012 1289 hom.
1030 1271 1055 1296 p.
1069 1266 1103 1289 49
1113 1271 1146 1296 s.‚
1165 1263 1318 1289 Friedreich
1336 1263 1447 1288 Realien
1464 1264 1522 1295 307,

785 1298 818 1323 cf.
841 1297 936 1323 Matth.
964 1298 997 1323 ad
1024 1298 1048 1323 h.
1072 1298 1130 1323 Ceri
1155 1299 1202 1323 193
1229 1301 1256 1322 et
1282 1297 1400 1323 Schmidt
1426 1297 1522 1330 Synon.

787 1333 843 1364 112,
858 1334 881 1358 3.
902 1347 933 1350 —
951 1332 1036 1364 Saepe
1054 1332 1170 1364 iungitur
1187 1330 1309 1363 κλισμός
1326 1339 1385 1357 cum
1403 1329 1522 1364 θρόνος,

787 1365 834 1391 sed
853 1366 957 1392 nonnisi
980 1367 1006 1391 iu
1031 1365 1078 1392 Od.
1098 1381 1127 1384 —
1149 1374 1166 1390 α
1191 1367 1238 1392 145
1266 1365 1299 1391 de
1321 1365 1409 1398 procis
1431 1362 1523 1396 ἑξείης

787 1397 887 1431 ἕζοντο
907 1400 979 1425 κατὰ
997 1397 1136 1431 κλισμούς
1154 1407 1184 1424 τε
1203 1397 1328 1432 θρόνους
1347 1407 1390 1432 τε,
1413 1398 1445 1425 de
1463 1398 1522 1425 aliis

785 1443 803 1467 y
821 1436 871 1460 389
891 1444 913 1459 ω
927 1436 978 1461 385
995 1438 1144 1467 (suspectus
1162 1434 1266 1459 videtur
1284 1434 1335 1459 hoc
1353 1433 1413 1459 loco
1430 1440 1522 1459 versus

786 1475 844 1494 esse
863 1468 1001 1494 Grashofio
1024 1468 1046 1493 F
1049 1468 1169 1494 uhrwerk
1193 1468 1234 1493 bei
1256 1467 1332 1493 Hom.
1355 1475 1380 1493 u.
1401 1467 1462 1493 Hes.
1482 1469 1521 1500 15,

785 1502 913 1535 Hausger.
932 1504 960 1535 6,
984 1502 1016 1528 cf.
1040 1502 1118 1528 etiam
1137 1502 1271 1533 Duentz.);
1295 1510 1310 1526 ο
1331 1503 1379 1528 134
1402 1498 1522 1533 ἑζέσθην

785 1535 858 1562 κατὰ
881 1538 924 1563 κλ.
947 1545 977 1562 τε
1000 1538 1047 1568 θρ.
1070 1544 1112 1569 τε,
1138 1544 1154 1569 ρ
1173 1537 1206 1562 86
1226 1538 1275 1562 179
1298 1545 1313 1560 υ
1332 1537 1382 1562 249
1403 1534 1522 1567 χλαίνας

785 1570 943 1603 κατέθεντο
966 1569 1039 1595 κατὰ
1061 1571 1104 1596 κλ.
1127 1578 1157 1595 τε
1180 1571 1226 1602 θρ.
1245 1578 1289 1602 τε,
1308 1578 1326 1595 κ
1343 1571 1392 1596 233
1410 1569 1524 1602 (Κίρκη)

787 1607 864 1630 εἰσεν
883 1603 1076 1638 είςαγαγοῦσα
1094 1601 1166 1629 κατὰ
1180 1606 1222 1630 κλ.
1236 1612 1268 1630 τε
1282 1605 1329 1636 θρ.
1344 1611 1383 1630 τε.
1410 1603 1521 1629 Maioris

786 1639 900 1672 quidem,
918 1643 947 1665 ut
965 1641 1002 1665 ait
1016 1639 1118 1671 Brosin,
1136 1638 1245 1664 honoris
1263 1645 1320 1664 esse
1334 1637 1472 1663 videbatur
1490 1635 1522 1662 ἐν

786 1671 884 1707 θρόνῳ
896 1681 975 1707 quam
990 1671 1020 1699 ἐν
1033 1674 1146 1706 κλισμῷ
1157 1672 1256 1705 sedere,
1270 1676 1359 1698 tamen
1373 1673 1522 1705 promiscue

785 1709 828 1735 κλ.
848 1716 878 1733 τε
898 1710 944 1741 θρ.
960 1716 990 1733 τε
1008 1708 1035 1733 in
1053 1707 1174 1732 tricliniis
1192 1714 1284 1739 regum
1301 1706 1479 1739 reperiuntur.
1503 1714 1519 1738 ρ

785 1744 817 1768 87
839 1750 862 1769 v.
882 1742 899 1767 l.
923 1740 953 1771 ἐς
975 1740 1156 1773 ἀσαμίνθους
1178 1740 1280 1774 βάντες
1304 1738 1350 1766 ἐπὶ
1373 1740 1521 1771 κλισμοῖσι

783 1777 909 1808 καθῖζον
930 1778 987 1809 (pro
1005 1773 1140 1806 ἐυξέστας
1164 1773 1327 1808 λούσαντο),
1351 1782 1367 1807 ρ
1387 1775 1420 1800 90
1443 1772 1476 1798 ἐκ
1494 1771 1521 1807 ῥ’

785 1808 957 1842 ἀσαμίνθων
974 1808 1077 1843 βάντες
1100 1808 1316 1841 ἐπὶ,κλισμοῖσι
1338 1808 1475 1841 καθῖζον,
1503 1816 1520 1840 ρ

785 1846 817 1870 97
839 1842 932 1877 μήτηρ
956 1843 1128 1874 (Telemachi)
1151 1843 1193 1874 ὶζε
1219 1843 1334 1874 κλισμιιῖ
1360 1840 1522 1874 κεκλιμένη,

786 1877 915 1912 ἠλάκατα
935 1882 1113 1910 στρωφῶσα,
1132 1877 1165 1903 cf.
1184 1877 1266 1902 schol.
1280 1869 1341 1909 BQ,
1359 1877 1384 1902 h.
1399 1876 1456 1902 Cer.
1473 1877 1519 1902 191

785 1914 844 1943 είξε
869 1911 900 1938 δέ
923 1911 952 1937 οὶ
974 1912 1084 1943 (Cereri)
1104 1912 1240 1942 κλισμοῖο
1268 1911 1317 1936 καὶ
1345 1908 1519 1943 ἑδριάασθαι

785 1944 904 1980 ἄνωγεν,
927 1947 953 1972 h.
973 1946 1030 1972 Cer.
1052 1948 1098 1972 193
1122 1945 1183 1970 ἀλλ’
1208 1943 1242 1970 οὐ
1262 1943 1392 1978 Δημήτηρ
1417 1940 1522 1977 ἢθελεν

785 1979 959 2014 ἑδριάασθαι
980 1979 1027 2005 ἐπὶ
1045 1981 1181 2011 κλισμοῖο
1200 1981 1334 2012 φαεινοῦ,
1352 1979 1462 2004 Manu:
1480 1982 1522 2004 ut-

784 2019 847 2048 pote
865 2015 892 2040 in
910 2015 983 2040 luctu
996 2012 1118 2046 κλισμόν
1131 2017 1237 2039 recusat
1251 2013 1337 2046 Ceres,
1356 2017 1385 2038 ut
1398 2012 1520 2038 Priamus

785 2047 896 2083 θρόνον
918 2049 946 2074 Ω
964 2052 1026 2082 5533
1053 2048 1186 2074 Prellerus
1207 2056 1230 2074 v.
1250 2049 1381 2074 188—211
1401 2054 1418 2073 a
1435 2046 1520 2080 primo

784 2088 864 2117 poeta
877 2083 1047 2115 abiudicavit,
1065 2083 1108 2108 κλ.
1118 2090 1169 2108 non
1184 2086 1238 2108 tam
1251 2081 1335 2107 altum
1349 2081 1428 2107 fuisse
1441 2088 1520 2114 quam

784 2118 894 2151 θρόνον
924 2117 988 2143 locis
1019 2117 1095 2142 Hom.
1125 2117 1168 2142 vix
1205 2116 1430 2142 demonstraturos
1461 2121 1519 2140 esse

783 2152 944 2185 interpretes
963 2151 1029 2177 dixit
1042 2151 1145 2177 Brosin.
1177 2150 1313 2176 Interdum
1331 2157 1427 2182 magna
1441 2153 1518 2175 erant

783 2186 846 2212 facti
864 2190 933 2211 arte:
953 2186 975 2210 Θ
993 2187 1043 2211 436
1062 2182 1147 2210 αι’·ταὶ
1164 2184 1293 2216 (Minerva
1311 2188 1338 2210 et
1355 2184 1434 2215 Juno)
1449 2191 1517 2217 χρυ-

783 2219 893 2246 σέοισιν
915 2218 962 2245 ἐπὶ
985 2220 1134 2250 κλισμοῖσι
1156 2219 1284 2250 καθῖζον
1304 2217 1383 2251 μίγδ’
1402 2214 1516 2243 ἄλλοισι

782 2256 889 2286 θεοῖσι,
912 2253 970 2279 coll.
993 2262 1016 2279 v.
1035 2256 1085 2279 442
1110 2261 1155 2286 χρ.
1179 2250 1227 2277 ἐπὶ
1249 2251 1369 2285 θρόνον,
1391 2251 1516 2285 paraphr.

782 2287 915 2321 θρόνοις,
938 2288 970 2313 cf.
989 2287 1065 2313 Eust.
1084 2289 1142 2320 722,
1160 2288 1194 2313 40
1211 2289 1239 2312 et
1255 2289 1301 2319 443
1323 2295 1341 2311 α
1360 2288 1409 2312 132
1428 2285 1517 2318 αὐτὴν

780 2323 878 2355 (deam)
903 2321 932 2351 ἐς
954 2321 1066 2354 θρόνον
1087 2323 1166 2346 εἷσεν
1189 2316 1280 2354 ἄγων,
1305 2318 1363 2354 πίιρ
1388 2321 1412 2346 δ’
1431 2318 1517 2350 αὐτὸς

781 2354 903 2388 κλισμὸν
924 2353 995 2381 θέτο
1018 2355 1164 2387 ποικίλον,
1186 2355 1211 2382 h.
1231 2355 1288 2382 Cer.
1308 2356 1356 2381 193
1378 2355 1515 2386 κλισμοῖο

782 2392 916 2423 φαεινοῦ,
944 2389 976 2416 de
998 2389 1026 2415 Ω
1047 2392 1098 2416 597
1125 2388 1155 2415 ἐν
1176 2389 1289 2424 κλισμῷ
1310 2387 1515 2422 πολυδαιδάλῳ

781 2433 804 2450 v.
822 2424 903 2457 insi-123
925 2428 954 2450 ut
973 2424 1079 2449 mollior
1097 2426 1171 2456 esset
1184 2423 1270 2456 sedes,
1292 2423 1425 2449 interdum
1443 2426 1516 2456 tege-

781 2459 858 2484 batur
880 2458 1014 2491 stragulis:
1040 2459 1057 2483 1
1073 2459 1123 2484 200
1146 2459 1223 2483 εἷσεν
1246 2455 1276 2483 ἐν
1297 2458 1445 2489 κλισμοῖσι
1468 2456 1515 2482 τά·

780 2492 848 2523 πησί
879 2500 909 2517 τε
944 2491 1157 2525 πορφυρέοισιν
1191 2491 1256 2524 (cod.
1282 2492 1306 2517 A
1333 2493 1516 2523 κλεισμοῖσι),

780 2527 901 2558 τάπητες
928 2527 998 2552 enim
1025 2526 1229 2559 imponebantur
1253 2527 1409 2559 κλισμοῖσι,
1436 2527 1469 2552 cf.
1498 2534 1514 2550 v

782 2564 830 2587 150
840 2570 873 2593 s.;
901 2560 1044 2586 instructus
1067 2563 1126 2586 erat
1147 2560 1263 2587 scabello
1290 2561 1306 2585 δ
1326 2562 1374 2586 136
1394 2560 1516 2593 (Helena)

779 2592 860 2627 ἕζετο
881 2595 904 2620 δ’
920 2592 951 2620 ἐν
968 2595 1089 2629 κλισμῷ,
1106 2590 1162 2620 ὑπὸ
1183 2592 1215 2620 δὲ
1232 2596 1343 2628 θρῆνυς
1360 2595 1446 2620 ποσὶν
1466 2595 1515 2628 ἦεν
