1705 2767
672 93 772 137 νηλής
791 112 830 118 -
848 92 926 136 νηός

49 175 135 202 Neleo
158 176 295 207 oriundus,
313 175 483 207 Antilochus;
501 175 579 201 Nelei
598 177 728 210 proprius.
758 177 785 202 Ψ

48 211 99 236 349
121 208 262 242 Νέστωρ
286 208 448 241 Νηλήιος,
476 209 501 234 Β
520 211 554 236 20
572 210 717 244 Νηληίω
742 206 783 236 υἷι

49 241 153 274 ἐοικώς
168 242 303 276 Νέστορι,
322 243 350 268 Κ
362 244 393 269 18
407 241 528 276 Νέστορ’
550 240 596 270 ἔπι
615 245 664 277 Νη
672 239 780 277 ληιον.

47 292 81 297 .-.
94 277 130 318 ΣΡ·
140 280 190 304 514
205 277 232 302 Ἀ
243 276 405 314 ντίλόχος
423 275 548 310 Νηλήιος
566 278 683 304 Ariston.
702 278 782 304 schol.

47 313 72 338 A
91 319 136 336 οτι
155 309 212 337 ἀπὸ
225 318 414 344 προπατορος
433 308 448 336 ὁ
468 311 626 344 Ἀντίλοχος
645 309 783 345 Νηλήιος.

48 360 81 364 -
98 346 125 370 Λ
144 347 192 372 681
217 345 233 370 ὁ
247 346 297 371 639
315 342 431 369 Πύλον
449 344 592 378 Νηλήιον,
615 347 641 371 Λ
656 348 705 373 597
727 346 784 379 Νη-

48 377 132 412 λήιαι
160 376 263 404 ἰ’πποι
294 378 377 405 schol.
405 379 426 404 B
455 377 484 404 αἱ
517 376 550 404 ἐκ
580 382 630 412 τῆς
664 378 784 412 Νηλέως

49 411 155 446 ἀγέλης
173 433 180 440 .
199 433 204 438 .
225 410 256 437 αἱ
273 410 417 445 ἀπόγονοι
435 416 492 438 τῶν
509 409 606 438 ἵππων
625 411 739 439 ἐκείνου
755 435 760 439 .
776 434 781 439 .

48 444 147 480 ὥσπερ
162 446 211 472 καὶ
224 444 333 479 Τρώιαι
347 443 431 472 ἵπποι
446 447 515 479 κτλ.,
529 448 783 474 Ameis-Hentze.—

49 481 197 520 Collocatur
214 480 242 506 in
259 480 330 520 thesi
346 481 427 507 tertia
445 481 485 507 vel
504 485 606 514 quarta.

80 516 180 548 νηλης
196 523 220 540 v.
233 516 363 555 vpspeng.

80 551 167 582 νῆμα
185 549 211 581 (a
229 557 284 574 νεω
303 548 415 575 ducitur.
445 548 477 575 cf.
492 548 546 575 Leo
560 549 653 582 Meyer
671 549 720 583 vgl.
737 549 782 575 Gr.

47 583 74 609 11
95 591 120 616 p.
140 585 201 616 205,
230 582 307 608 Eust.
332 584 397 609 1436
420 584 452 609 64
479 580 559 615 παρὰ
586 583 619 609 τὸ
653 582 735 615 νήθω
768 580 783 616 ἢ

0 628 1 646 1
47 618 158 650 μᾶλλον
175 615 255 650 παρὰ
273 614 306 642 τὸ
325 618 375 649 νῶ,
393 616 425 643 Ε,
435 616 472 642 Μ.
491 619 540 643 603
558 619 608 649 34.)
636 618 660 647 1)
677 617 785 649 filum,

47 655 157 678 stamen.
194 651 210 676 δ
226 653 274 677 134
295 649 443 683 (τάλαρον)
465 648 617 684 νήματος
644 649 784 684 ἀσκητοῖο

47 682 237 726 βεβυσμένον,
251 685 369 726 Ariston.
384 684 464 711 schol.
478 685 534 710 ΗΜ
548 684 738 718 σημαιοῦνται
754 683 785 711 δέ

0 738 1 746 ,
46 727 122 749 τινες
148 727 191 744 οτι
215 718 248 744 τὸ
266 727 315 752 ,εις
336 716 388 751 τὴν
411 721 495 751 νῆσιν
518 715 638 745 εὔθετον
665 718 784 752 μήρυμα

0 768 1 778 1
50 752 134 787 ἐρίου
153 755 230 786 νῆμα
250 754 338 781 εἰπεν,
356 752 389 779 cf.
408 752 599 779 Friedlaender
616 753 732 780 Ariston.
751 753 785 779 ad

0 788 1 791 ’
49 787 71 813 Θ
85 790 144 820 221,
162 787 244 813 schol.
262 787 287 813 V
305 788 339 812 ad
358 787 374 811 δ
390 789 446 813 134.
481 789 513 825 21
524 787 598 813 tela.
621 788 640 821 β
653 789 686 814 48
704 796 719 812 τ
736 789 784 814 143

48 830 71 846 ω
87 823 136 848 132
157 820 196 854 μή
219 829 270 852 μοι
288 819 457 852 μεταμώνια
475 819 596 853 νηματ’
622 820 732 854 ὄληται.
751 835 783 839 -

49 855 202 882 Collocatur
219 856 246 880 111
265 855 318 881 arsi
336 855 421 888 prima
438 855 478 880 vel
497 855 597 887 quinta.

80 887 245 924 νημερτής
271 889 362 921 (schol.
386 889 408 914 B
434 888 552 919 (Bekker
570 890 603 915 A]
630 889 663 915 ad
690 890 713 914 Z
733 891 783 916 376

46 921 127 956 παρὰ
153 925 186 950 τὸ
214 921 333 955 ἁμαρτιῦ
360 920 393 948 τὸ
422 921 612 955 ἀποτυγχάνω
635 923 685 948 καὶ
710 921 783 953 μετὰ

48 960 102 983 τοῦ
120 966 155 990 νη
180 955 354 990 στερητικοῦ
376 955 556 990 νηαμαρτής,
584 956 676 983 οἱονεὶ
705 955 720 982 ὁ
744 957 782 990 μὴ

48 988 256 1025 ἀποτυγχάνων
269 993 322 1016 τοῦ
337 993 450 1016 σκοποῦ
467 993 521 1016 τοῦ
534 988 632 1024 λόγου,
649 989 783 1016 τουτέστι

46 1023 85 1058 μὴ
105 1024 296 1066 ψευδόμενος.
331 1025 382 1050 καὶ
404 1027 502 1058 τροπῇ
524 1027 575 1051 τοῦ
599 1034 617 1050 α
640 1025 682 1055 εἰς
705 1033 719 1050 ε
738 1034 783 1057 νη-

46 1068 190 1120 ’ἑῗιῖἷηῖᾉεῑ
198 1059 435 1126 ειίὲῗῗξὲἐὲεῗιεῗέ
446 1060 553 1119 cffigffr’.
571 1059 783 1126 {sglpfigsstssgr'

46 1128 74 1154 in
92 1128 172 1154 Kuhn
192 1127 294 1154 Ztschr.
312 1127 363 1152 XII
381 1135 407 1160 p.
426 1129 467 1156 25,
487 1127 549 1153 Pott
566 1127 633 1153 Phil.
653 1127 739 1160 suppl.
758 1127 783 1153 11

47 1170 73 1195 p.
88 1164 146 1195 275,
162 1162 332 1194 Schoenberg
346 1161 444 1194 griech.
456 1162 545 1194 Comp.
559 1170 583 1194 p.
594 1164 635 1193 35,
650 1162 784 1187 Weissen-

47 1198 114 1222 born
137 1196 171 1222 de
194 1196 245 1222 adi.
264 1203 349 1228 comp.
367 1204 392 1229 p.
411 1197 428 1222 4
450 1197 495 1227 48,
523 1196 609 1221 Berch
628 1195 717 1228 Comp.
737 1195 784 1221 der

46 1229 124 1256 Nom.
150 1238 175 1263 p.
202 1232 247 1263 23,
274 1230 347 1256 Stolz
374 1232 565 1262 zus.-gesetzte
592 1229 666 1256 Nom.
694 1237 719 1262 p.
743 1232 783 1255 52.

46 1264 106 1290 Etsi
129 1267 192 1290 ante
218 1271 310 1290 vocem
337 1272 355 1296 γ
373 1265 422 1290 327
446 1263 548 1289 vocalis
574 1262 661 1289 brevis
688 1263 785 1295 produ-

47 1298 130 1331 citur,
148 1305 294 1324 consonam
313 1298 405 1323 elisam
424 1304 482 1323 esse
500 1304 552 1323 non
571 1297 674 1323 ostendi
687 1300 784 1330 potest,

47 1331 80 1358 cf.
98 1332 193 1358 Hartel
215 1332 285 1358 hom.
311 1331 385 1358 Stud.
403 1331 416 1357 Ι
438 1339 465 1364 p.
485 1332 534 1361 18.)
569 1334 669 1363 certus,
696 1337 785 1363 verax,

47 1373 135 1392 verus.
175 1363 318 1399 νημερτής
340 1364 410 1397 -έ(α)
431 1371 486 1391 acc.
505 1365 570 1398 sing.
588 1372 677 1398 masc„
699 1368 786 1390 neutr.

47 1400 126 1433 plur„
148 1398 190 1430 -ές
208 1408 263 1427 acc.
281 1401 347 1432 sing.
385 1401 409 1431 1)
430 1399 545 1425 active.
582 1402 676 1432 certus,
698 1406 785 1424 verax.

49 1435 65 1460 δ
82 1436 133 1461 349
150 1436 201 1461 384
217 1436 265 1462 401
282 1436 331 1461 542
350 1442 366 1466 ρ
388 1435 437 1460 140
459 1431 554 1466 γέρων
577 1429 660 1463 ἅλιος
683 1441 787 1466 νημερη

47 1466 98 1500 τὴς
115 1476 150 1495 sc.
165 1468 284 1495 Proteus.
316 1468 341 1494 h.
355 1467 440 1493 Mero.
455 1469 505 1493 369
519 1466 662 1502 νημερτής
681 1475 711 1492 τε
729 1467 785 1500 γάρ

49 1502 118 1535 εἰμι,
132 1502 218 1535 inquit
227 1502 384 1533 Mercurius,
398 1502 447 1526 καὶ
463 1500 517 1526 οὐκ
532 1503 599 1527 οἰδα
614 1498 786 1534 ψεύδεσθαι,

88 1539 138 1564 205
166 1536 234 1562 νόον
261 1533 396 1570 νημερτέ’
426 1533 537 1568 ἀνέγνω
556 1545 579 1562 v.
598 1536 615 1562 l.
642 1534 786 1569 νημερτέα

1461 97 1472 127 1
1482 96 1541 128 149

842 176 978 211 νηνεμίη
996 179 1021 209 (a
1042 174 1172 209 νήνεμος.
1207 175 1313 201 Curtius
1331 176 1423 202 Grdz.⁴
1441 185 1466 210 p.
1485 180 1543 210 317,

809 211 864 237 Leo
887 211 980 245 Meyer
1002 210 1052 243 vgl.
1072 210 1117 237 Gr.
1131 210 1157 235 11
1174 218 1200 243 p.
1214 211 1271 235 486.
1307 209 1338 234 Ε.
1358 210 1423 236 Gud.
1442 212 1492 237 408
1510 214 1543 238 20

812 243 859 270 ἐπὶ
878 242 991 277 ἀνέμων
1011 243 1094 279 εὐδίᾳ
1113 242 1160 270 ἐπὶ
1180 241 1279 276 ἀέρος,
1298 241 1407 276 γαλήνη
1427 242 1474 270 ἐπὶ
1492 246 1543 270 θα-

813 277 923 312 λάσσης
950 279 983 304 cf.
1006 278 1138 311 Theophr.
1166 277 1198 304 fr.
1217 279 1232 303 5
1251 279 1266 303 3
1287 279 1326 304 18.
1367 277 1439 302 Suid.
1465 279 1541 305 Phot.

810 313 879 346 expl.
901 311 1015 344 ἀνέμων
1033 311 1177 341 ἀπουσία.)
1195 311 1375 343 tranquillitas
1388 313 1464 337 aeris.
1496 321 1542 345 νη-

810 347 891 380 νεμίη
915 356 967 378 -ης,
1003 347 1089 373 Ε523
1112 344 1267 378 νεφέλῃσιν
1290 343 1432 378 ἐοικότες,
1457 341 1490 375 ἑές
1511 354 1542 371 τε

810 380 945 413 Κρονίων
959 382 963 413 Ι
980 380 1115 414 νηνεμίης
1129 378 1239 413 ἔστησε,
1254 380 1403 412 genetivum
1416 380 1544 412 temporis

810 422 867 440 esse
889 415 1009 447 Krueger
1032 415 1099 440 Dial.
1119 414 1180 447 §47
1199 415 1215 439 2
1233 415 1257 446 2,
1281 413 1488 439 Ameis-Hentze
1511 414 1544 439 ad

810 448 826 475 l.
842 448 867 482 1.,
887 449 1028 474 locativum
1041 448 1183 474 Heilmann
1200 447 1233 473 de
1251 454 1308 480 gen.
1325 447 1369 473 Gr.
1383 455 1452 474 max.
1467 447 1543 473 Hom.

811 489 859 507 usu
872 482 1000 515 Marburg
1015 484 1080 509 1873
1094 490 1119 515 p.
1132 484 1162 508 18
1173 489 1193 507 s.
1207 481 1330 507 iudicant.
1359 481 1405 507 sed
1421 481 1452 506 cf.
1465 481 1545 507 etiam

810 516 963 542 Delbrueck
973 519 1040 550 synt.
1051 516 1162 542 Forsch.
1173 514 1210 541 IV
1220 523 1245 547 p.
1256 516 1289 541 44
1299 522 1320 541 s,
1331 530 1362 534 -
1374 523 1387 541 ε
1397 517 1447 541 392
1464 524 1485 546 μ
1495 517 1544 541 169

811 547 917 581 ἄνεμος
947 548 1000 582 μὲν
1031 548 1175 575 ἐπαύσατο
1208 547 1260 582 ἡδὲ
1286 547 1394 582 γαλήνη
1415 551 1419 581 Ι
1441 545 1544 574 ἔπλετο

811 584 939 616 νηνεμίη.
976 584 1094 617 νηνεμίη
1113 587 1153 609 est
1171 583 1253 609 subst.
1273 587 1299 609 et
1317 583 1384 609 subi.
1404 583 1436 608 cf.
1455 584 1545 609 Ameis

811 618 845 644 ad
868 626 881 643 ε
900 620 949 645 392
972 622 1000 644 et
1021 618 1048 644 111
1070 620 1130 651 εῑρρ.
1153 617 1188 643 ad
1206 625 1224 642 α
1237 618 1278 650 97,
1300 617 1410 643 Lobeck
1432 617 1544 651 paralip.

810 660 836 685 p.
851 654 908 678 362.
928 667 960 670 -
979 652 1129 678 Collocatur
1146 651 1173 677 in
1192 651 1251 677 arsi.

844 685 985 719 νήνεμος
1003 687 1044 716 (ex
1058 694 1092 719 νη
1111 686 1176 718 priV.
1192 688 1219 711 et
1238 682 1343 717 ἶίνεμος
1361 684 1545 718 compositum.

811 720 947 746 Vaniceck
966 720 996 746 E.
1012 720 1054 745 W.
1072 728 1098 753 p.
1117 721 1162 751 28,
1182 718 1283 745 Tobler
1301 719 1544 745 Wortzusammen-

810 758 920 787 setzung
942 762 966 787 p.
986 756 1025 786 75,
1052 754 1139 779 Berch
1158 753 1248 786 Comp.
1271 752 1319 778 der
1345 752 1421 779 Nom.
1448 761 1473 785 p.
1496 754 1546 785 15.)

810 791 901 814 ventos
912 796 965 813 non
974 787 1084 818 habens,
1099 786 1263 819 tranquillus.
1283 787 1314 812 cf.
1325 787 1449 820 Hesych,
1464 787 1544 820 Suid„

810 822 887 848 Phot.
908 822 930 847 Θ
943 823 993 848 556
1012 818 1114 847 ἔπλετο
1134 821 1282 854 νήνεμος
1300 818 1398 853 αἰθήρ.

843 854 922 889 νηός
944 857 1005 887 (ion.
1028 863 1091 888 vox,
1119 862 1187 888 quae
1213 857 1253 880 est
1274 855 1340 881 lesb.
1365 856 1452 883 ναῦος
1475 852 1544 884 ναός

810 892 856 915 att.
876 887 955 921 νεώς,
974 890 1092 923 profecta
1110 897 1142 915 ex
1161 896 1279 921 vamme,
1299 896 1314 914 a
1333 888 1404 914 ναίω
1423 888 1545 914 habitare

809 924 920 950 ducitur.
950 924 982 950 cf.
994 924 1105 949 Lobeck
1123 923 1205 956 paral.
1220 930 1246 955 p.
1256 925 1314 954 433,
1333 922 1493 948 Doederlein
1504 922 1544 948 Gl.

809 958 856 984 Nr.
872 960 929 989 191,
948 958 1099 989 Brugmann
1118 958 1144 983 in
1163 957 1235 983 Curt.
1254 957 1328 983 stud.
1342 956 1379 982 IV
1398 965 1423 989 p.
1440 958 1487 983 154
1503 958 1545 988 36,

810 992 945 1018 Vaniceck
959 992 1038 1017 E.W.
1054 999 1078 1024 p.
1089 993 1146 1024 435,
1166 991 1251 1017 Sonne
1269 991 1350 1016 Kuhn
1363 990 1466 1017 Ztschr.
1482 990 1544 1015 XIII

809 1034 834 1059 p.
849 1028 906 1053 408.
938 1026 1016 1051 aliter
1034 1025 1129 1051 Christ.
1143 1025 1232 1051 Lautl.
1250 1032 1275 1057 p.
1290 1026 1348 1051 238.
1384 1024 1416 1050 de
1435 1028 1545 1050 accentu

808 1062 869 1086 Arc.
884 1068 908 1093 p.
924 1062 956 1086 36
971 1061 1022 1089 24.)
1040 1059 1173 1092 templum.
1205 1059 1273 1090 νηός
1291 1061 1327 1093 -ῷ
1346 1056 1393 1084 —ov
1413 1058 1456 1083 -οί
1473 1060 1544 1083 -οῐσι

809 1093 880 1124 -ούς,
917 1094 942 1119 Ε
957 1095 1007 1120 456
1027 1091 1170 1128 Περγάμῳ
1191 1091 1221 1118 ἐν
1241 1091 1316 1125 ἱερῇ,
1336 1088 1385 1118 ὅθι
1410 1090 1437 1117 οὶ
1455 1092 1546 1124 (Apol-

809 1128 866 1159 lini)
884 1125 949 1159 νηός
968 1136 999 1160 γε
1018 1126 1147 1160 τέτυκτο,
1165 1127 1233 1153 Η83
1252 1126 1339 1160 προτὶ
1364 1123 1433 1157 νηὸν
1449 1124 1545 1151 Ἀπόλ-

811 1163 916 1194 λωνος,
935 1161 1057 1187 eiusdem
1075 1162 1202 1194 templum
1219 1161 1246 1186 in
1264 1160 1360 1193 oppido
1379 1160 1479 1192 Chryse
1496 1160 1546 1185 fuit

810 1196 844 1222 cf.
855 1197 878 1221 A
889 1198 921 1222 39
935 1194 1060 1228 χαρίεντ’
1076 1193 1123 1221 ἐπὶ
1138 1193 1214 1226 νηόν.
1237 1195 1301 1221 Ζ88
1316 1191 1384 1226 νηὸν
1400 1191 1547 1225 Ἀθηναίης

811 1230 838 1255 111
856 1230 921 1255 urbe
936 1229 1024 1261 Troia,
1038 1230 1065 1254 in
1083 1237 1134 1261 quo
1153 1229 1234 1254 etiam
1248 1228 1418 1254 simulacrum
1437 1231 1495 1253 erat
1512 1227 1544 1254 cf.

811 1264 834 1288 Z
847 1265 896 1289 269
915 1265 964 1290 279
987 1261 1061 1295 πρὸς
1085 1261 1152 1294 νηὸν
1167 1261 1329 1295 Ἀθηναίης,
1352 1262 1374 1287 Ζ
1387 1263 1419 1294 {23
1434 1264 1483 1287 274
1498 1263 1547 1288 308

812 1295 855 1322 ε’νὶ
873 1297 931 1331 νηῷ
951 1305 986 1322 sc.
1000 1295 1157 1329 Ἀθηναίης.
1189 1296 1214 1322 11.
1234 1296 1291 1322 Cer.
1310 1298 1360 1322 319
1374 1296 1442 1327 εὗρε
1461 1295 1485 1320 δ’
1505 1292 1547 1320 ἐνὶ

811 1333 870 1365 νηῷ
888 1331 926 1356 ita
943 1331 1088 1363 Ruhnken,
1111 1338 1162 1363 quo
1177 1330 1208 1356 fit
1226 1333 1256 1355 ut
1269 1329 1365 1355 vocalis
1380 1328 1466 1361 brevis
1485 1332 1547 1354 ante

812 1372 901 1391 vocem
919 1365 1087 1398 producatur.
1123 1364 1291 1396 scribendum
1311 1366 1350 1389 est
1369 1364 1453 1395 εὗρεν
1473 1362 1497 1388 ὁ’
1517 1362 1547 1388 ἐν

812 1401 870 1430 νηιῦ
888 1407 937 1432 pro
955 1399 1013 1424 libr.
1033 1399 1147 1424 lectione
1167 1398 1234 1431 εὗρε
1257 1398 1285 1423 δ’
1304 1395 1335 1423 ἐν
1353 1397 1385 1423 cf.
1404 1397 1444 1422 La
1457 1396 1547 1422 Roche

812 1433 873 1459 Unt.
884 1441 909 1466 p.
917 1435 957 1459 58.
976 1433 1057 1459 3549
1067 1430 1097 1458 ἐν
1107 1431 1185 1458 πιόνι
1196 1434 1254 1466 νηῷ
1264 1432 1290 1457 111
1300 1431 1399 1463 templo
1411 1431 1546 1456 Minervae

812 1467 978 1493 Athenarum
992 1467 1018 1492 in
1033 1475 1093 1492 arce
1107 1474 1193 1493 sacro.
1209 1466 1240 1492 cf.
1252 1466 1277 1492 h.
1293 1467 1343 1499 Ap.
1354 1465 1431 1498 Pyth.
1442 1467 1474 1491 75
1491 1467 1546 1491 115.

811 1510 832 1533 μ
850 1503 900 1528 346
921 1498 1021 1535 Ἠελίῳ
1040 1499 1183 1532 Ὑπερίονι
1206 1500 1294 1525 πίονα
1316 1499 1387 1532 νηὸν
1408 1497 1547 1529 τεύξομεν

812 1535 883 1568 quod
896 1535 1062 1568 Eurylochus
1081 1538 1165 1560 vovet.
1197 1534 1222 1559 h.
1237 1535 1287 1566 Ap.
1302 1533 1361 1560 Del.
1376 1535 1408 1559 52
1422 1534 1455 1558 56
1470 1532 1546 1566 Pyth.

50 1570 124 1606 ε’γνω
143 1574 170 1596 et
183 1570 322 1604 νημερτὲς
336 1568 455 1603 ἀνέγνω.
489 1572 514 1601 2)
531 1570 667 1603 passive.
699 1577 785 1595 verus.
811 1571 844 1595 43
867 1572 899 1595 67
924 1572 972 1596 120
991 1571 1040 1595 360
1058 1570 1108 1595 300
1130 1570 1179 1595 304
1197 1570 1247 1594 323
1265 1569 1314 1594 343
1333 1567 1358 1594 11.
1377 1566 1460 1592 Merc.
1478 1569 1547 1597 [1481

50 1615 68 1633 α
81 1607 114 1633 86
134 1612 148 1629 ε
161 1607 195 1632 30
212 1606 237 1632 h.
256 1607 306 1638 Ap.
326 1604 386 1630 Del.
406 1605 454 1630 132
472 1603 549 1637 Pyth.
569 1607 601 1630 72
617 1605 666 1630 114
683 1612 787 1636 νημερ-
809 1602 917 1635 (πίονα)
938 1601 1023 1636 νηόν,
1045 1603 1070 1629 h.
1094 1603 1142 1635 Ap.
1166 1602 1242 1634 Pyth.
1267 1603 1316 1627 108
1340 1599 1411 1634 νηὸν
1428 1620 1434 1625 ,
1455 1621 1460 1626 .
1481 1597 1546 1633 ἐπή-

49 1640 99 1667 τέα
119 1637 239 1682 βουλήν,
257 1639 283 1664 h.
301 1638 385 1664 Merc.
403 1640 453 1664 315
472 1637 614 1670 νημερτέα
633 1638 742 1671 φωνήν,
762 1638 788 1663 Γ
812 1646 914 1670 (aaron,
932 1640 964 1663 88
982 1635 1081 1669 μέγαν,
1100 1639 1132 1662 69
1151 1638 1184 1662 80
1204 1637 1251 1662 109
1270 1639 1319 1667 Ap.
1339 1635 1397 1660 Del.
1417 1636 1450 1660 SO
1467 1642 1546 1667 περι-

49 1677 100 1702 204
118 1672 187 1704 ἐπος
204 1670 344 1706 νημερτὲς
360 1669 462 1704 ἔειπες,
480 1672 561 1699 Ζ376
580 1671 722 1705 νημερτέα
736 1681 786 1703 μυ-
811 1670 918 1697 καλλέα
941 1671 1024 1704 νηόν,
1051 1671 1075 1696 11.
1099 1670 1165 1696 Ven.
1189 1672 1222 1696 58
1245 1668 1363 1694 θυώδεα
1386 1666 1467 1701 νηόν,
1495 1671 1545 1702 Ap.

49 1706 213 1742 θήσασθαι,
236 1716 254 1740 y
270 1709 301 1733 19
318 1704 462 1739 νημερτέα
485 1703 551 1739 εἴπῃ
575 1706 607 1732 cf.
627 1707 642 1730 λ
657 1708 690 1732 96
709 1714 722 1731 ε
737 1707 787 1732 300
812 1705 870 1732 Del.
892 1707 939 1731 143
961 1704 1066 1730 πολλοί
1084 1712 1115 1729 τε
1134 1703 1209 1735 νηοί,
1231 1703 1307 1735 Pyth.
1333 1705 1381 1729 169
1401 1701 1431 1728 ἐν
1449 1704 1545 1734 νηοῖσι

51 1752 67 1768 ο
85 1745 145 1776 263,
163 1742 179 1766 λ
198 1743 247 1768 137
266 1738 350 1774 εἷ’ρω,
369 1749 385 1773 ρ
405 1742 455 1766 549
473 1742 523 1767 556
542 1739 685 1773 νημερτέα
704 1739 785 1765 πάντ’
811 1739 1039 1772 πολυλλίστοισι,
1057 1739 1123 1764 Ven.
1141 1740 1172 1764 31
1193 1736 1224 1763 ἐν
1247 1740 1343 1770 νηοῖσι
1366 1738 1453 1762 θεῶν.
1490 1737 1547 1768 ζ10

51 1775 191 1803 ἐνέποντα
218 1775 252 1801 cf.
270 1778 329 1802 561.
356 1774 382 1801 h.
405 1774 462 1800 Cer.
481 1776 514 1801 58
542 1774 617 1807 λέγω
645 1772 786 1806 νημερτέα
812 1772 897 1805 νηοὺς
916 1773 1021 1805 ποίησε
1040 1774 1119 1798 θεῶν
1133 1771 1305 1804 Nausithous‚
1323 1771 1473 1796 Phaeacum
1491 1777 1546 1795 rex.

49 1808 150 1837 πάντα.
169 1810 238 1837 Adv.
248 1816 317 1836 vere.
330 1810 353 1840 1)
363 1807 532 1843 νημερτές.
548 1810 622 1834 λ112
632 1811 718 1833 τοῦτο
730 1807 786 1833 θεὰ
812 1808 854 1833 Ex
872 1808 912 1833 his
931 1808 995 1833 locis
1014 1814 1045 1833 ea
1063 1809 1149 1832 aetate
1168 1813 1219 1838 qua
1237 1805 1327 1839 hymni
1346 1805 1458 1830 confecti
1477 1808 1546 1837 sunt,

51 1843 190 1878 νημερτὲς
203 1841 301 1870 ἔνισπε
315 1843 361 1868 ubi
375 1843 567 1868 adjectivumne
579 1843 786 1875 intellegendum
812 1841 903 1867 multis
930 1841 994 1867 locis
1020 1840 1119 1873 templa
1149 1839 1259 1865 deorum
1290 1839 1371 1865 fuisse
1403 1839 1453 1864 etsi
1483 1839 1547 1864 satis

50 1879 85 1906 sit
107 1879 223 1905 dubitari
245 1878 321 1910 licet,
345 1877 371 1903 Ξ
383 1879 434 1903 470
457 1886 474 1909 y
494 1879 540 1903 101
566 1878 582 1901 δ
600 1879 650 1903 314
668 1879 716 1903 331
737 1878 786 1903 642
813 1878 938 1909 apparet,
970 1879 1058 1901 tamen
1085 1875 1110 1900 in
1138 1874 1310 1905 carminibus,
1341 1880 1408 1905 quae
1435 1879 1547 1898 comme-

49 1922 68 1947 χ
87 1915 136 1940 166
159 1919 182 1946 ψ
201 1914 233 1939 35
255 1909 395 1945 νημερτὲς
418 1907 516 1936 ἔνισπε
539 1911 572 1937 cf.
595 1919 612 1944 y
626 1913 676 1937 327
699 1912 714 1935 λ
731 1912 786 1937 148.
812 1913 959 1941 morantur,
982 1917 1034 1935 non
1052 1909 1135 1934 multa
1157 1908 1237 1934 fuisse
1255 1910 1336 1941 patet.
1373 1907 1439 1932 Sunt
1457 1910 1547 1932 autem

51 1948 77 1974 h.
91 1947 158 1974 Ven.
174 1948 223 1973 186
242 1943 276 1971 οὐ
295 1943 434 1978 νημερτὲς
455 1941 556 1977 ἔειπες,
574 1946 600 1970 A
616 1948 666 1972 514
684 1953 787 1978 νημερ-
812 1944 943 1977 Apollinis
970 1944 996 1968 in
1022 1951 1082 1969 arce
1110 1942 1207 1968 Troiae
1229 1942 1315 1968 E446
1342 1944 1369 1966 et
1395 1941 1421 1966 in
1450 1940 1548 1973 oppido

51 1979 98 2011 τὲς
115 1980 168 2013 μὲν
187 1979 222 2014 δή
235 1988 286 2011 μοι
299 1977 436 2012 ὑπόσχεο.
469 1982 494 2009 2)
508 1977 702 2014 νημερτέως.
731 1981 787 2005 «598
814 1978 914 2011 Chryse
945 1980 1091 2009 exstructa,
1124 1980 1151 2002 et
1181 1976 1329 2007 Minervae,
1361 1974 1430 2007 quod
1460 1975 1547 2007 ipsum

51 2013 216 2048 νημερτέως
233 2012 286 2040 τὸν
303 2014 399 2046 μῦθον
418 2010 572 2046 ἐνισπήσω,
590 2015 665 2040 τ269
684 2021 788 2046 νημερ-
814 2019 918 2044 quoque
947 2011 1045 2036 Troiae
1072 2011 1134 2042 fuit,
1163 2010 1302 2036 simulacro
1326 2008 1392 2034 deae
1417 2012 1546 2034 ornatum.

51 2049 123 2080 τέως
149 2046 206 2082 γάρ
228 2056 275 2074 τοι
299 2045 468 2079 μυθήσομαι
493 2044 560 2072 οὐδ’
585 2044 736 2073 ἐπικεύσω.
755 2062 787 2066 -
814 2047 958 2071 Praeterea
980 2045 1005 2070 B
1025 2047 1087 2078 549,
1115 2045 1159 2077 qui
1186 2044 1261 2070 locus
1284 2043 1433 2069 recentiore
1459 2046 1547 2068 aetate

51 2083 202 2110 Collocatur
218 2083 375 2116 plerumque
393 2082 421 2107 in
439 2081 507 2107 thesi
526 2085 629 2114 quarta,
648 2082 712 2107 satis
726 2089 788 2107 raro
814 2079 973 2105 carminibus
996 2079 1111 2104 insertus
1134 2085 1192 2104 esse
1214 2077 1328 2110 videtur,
1357 2076 1473 2103 eiusdem
1496 2076 1548 2102 Mi-

814 2121 910 2139 nervae
941 2113 1034 2139 aedem
1066 2113 1093 2138 in
1123 2112 1323 2138 Atheniensium
1353 2118 1414 2136 arce
1445 2118 1548 2136 sacram

814 2148 894 2173 fuisse
912 2150 991 2180 poeta
1009 2147 1098 2173 tradit.
1136 2146 1210 2178 Quae
1233 2153 1291 2171 cum
1314 2145 1352 2171 ita
1371 2145 1436 2177 sint,
1455 2152 1547 2177 quam-

814 2189 891 2214 quam
919 2181 1096 2212 Nausithous,
1120 2180 1165 2205 ubi
1188 2180 1320 2205 Phaeaces
1343 2179 1479 2205 Scheriam
1503 2178 1547 2204 de-

815 2216 931 2247 duxerit,
950 2216 1059 2241 deorum
1078 2214 1177 2246 templa
1192 2213 1349 2239 aedificasse
1364 2213 1457 2238 dicitur
1476 2213 1491 2243 ζ
1507 2215 1546 2245 10,

814 2250 871 2275 fieri
889 2257 941 2275 non
963 2252 1061 2282 potest,
1079 2252 1109 2274 ut
1126 2248 1350 2280 Naegelsbaehio,
1369 2247 1414 2280 qui
1431 2247 1459 2272 in
1476 2247 1545 2273 hom.

814 2283 920 2309 Τ11601.2
938 2291 962 2316 p.
980 2285 1028 2309 198
1045 2284 1072 2308 in
1090 2283 1208 2308 omnibus
1222 2282 1279 2307 fere
1293 2281 1454 2307 Graecorum
1473 2281 1546 2314 oppi-

815 2318 854 2344 dis
874 2318 926 2343 iam
945 2318 1053 2343 deorum
1072 2316 1171 2349 templa
1188 2316 1269 2341 fuisse
1287 2315 1432 2348 contendit,
1455 2322 1546 2340 assen-

51 2117 79 2144 in
96 2118 176 2143 tertia
194 2117 236 2142 vel
254 2116 346 2149 quinta
365 2119 391 2142 et
410 2116 437 2140 in
454 2115 507 2141 arsi
525 2116 617 2147 prima.

87 2153 178 2185 Νημε
201 2149 259 2184 τής
282 2151 309 2176 Σ
321 2151 373 2182 [46]
395 2149 540 2175 Nereidum
563 2157 623 2175 una.
660 2149 740 2176 schol.
764 2149 788 2174 A

53 2182 68 2212 ὃ
87 2189 146 2211 τῶν
198 2182 325 2218 ηρεΐδων
345 2181 436 2216 χόρος
458 2182 617 2216 προηθέτει
637 2184 685 2209 καὶ
708 2181 788 2216 παρὰ

52 2218 214 2254 Ζηνοδότῳ.
252 2214 268 2244 ὁ
298 2216 329 2244 δὲ
356 2217 576 2250 Καλλίστρατος
603 2215 673 2243 οὐδὲ
701 2215 730 2243 ἐν
753 2219 789 2250 τῇ

51 2250 216 2287 Ἀργολικῇ,
239 2253 340 2286 φησὶν,
364 2249 468 2282 αὐτοὺς
488 2250 639 2285 φέρεσθαι,
662 2252 692 2278 cf.
712 2252 788 2277 Eust.

53 2291 118 2315 1131
137 2290 178 2314 20.
215 2295 281 2320 quos
299 2286 460 2312 recentiores
478 2286 596 2319 plerique
619 2286 702 2312 secuti
720 2288 788 2311 sunt.

54 2322 87 2348 de
101 2324 222 2353 accentu,
236 2321 281 2353 qui
294 2329 347 2346 non
361 2320 451 2345 differt
466 2320 499 2345 ab
514 2320 640 2346 adjectivo
654 2329 677 2347 v.
689 2319 787 2346 Herod.

54 2356 135 2382 schol.
163 2355 198 2382 ad
222 2355 249 2380 Σ
265 2357 298 2382 39
330 2353 376 2380 ἐπὶ
409 2352 441 2379 δὲ
472 2356 525 2379 τοῦ
555 2351 708 2387 Νημερτὴς
739 2353 788 2379 καὶ
813 2353 917 2378 tiamus.
954 2351 1027 2377 Nihil
1045 2351 1114 2376 enim
1132 2350 1214 2382 valet,
1239 2350 1310 2382 quod
1327 2349 1354 2375 in
1372 2349 1546 2381 Phaeacibus,

52 2386 190 2424 Ἀψευδὴς
222 2388 276 2414 οὐκ
307 2385 464 2420 ἐποιήσατο
499 2386 663 2421 μεταβολὴν
694 2385 787 2413 τόνου.
814 2385 913 2419 populo
928 2385 1045 2411 fabuloso
1061 2388 1087 2411 et
1101 2385 1146 2417 qui
1160 2384 1256 2410 ceteris
1275 2384 1354 2409 etiam
1371 2383 1451 2409 rebus
1464 2383 1546 2408 omni-

55 2420 164 2458 ἔφαμεν
184 2422 214 2449 δὲ
238 2420 292 2456 ἤδη
316 2422 383 2455 περὶ
402 2424 460 2447 τῶν
477 2421 627 2455 τοιούτων,
651 2422 683 2448 cf.
702 2422 788 2447 Lehrs
814 2421 863 2445 bus
890 2419 959 2445 illius
986 2419 1081 2445 aetatis
1108 2418 1228 2451 gentibus
1254 2417 1440 2450 praecelleret,
1462 2417 1546 2443 multa

53 2458 150 2485 Herod.
169 2466 194 2491 p.
209 2459 268 2489 306,
286 2456 320 2483 id.
339 2456 435 2482 Arist.2
452 2464 478 2489 p.
497 2458 547 2483 264
561 2464 590 2488 8.,
609 2457 737 2483 Choerob.
755 2455 788 2481 ad
814 2454 914 2486 templa
932 2453 1010 2479 fuisse
1028 2457 1176 2479 narrantur.
1212 2452 1327 2485 accedit,
1351 2451 1421 2484 quod
1438 2454 1546 2484 praeter

54 2491 186 2519 Theodos.
213 2499 239 2524 p.
259 2492 308 2517 173
323 2498 352 2522 a,
374 2490 448 2516 Eust.
474 2492 540 2516 1130
562 2492 606 2522 64,
633 2491 674 2516 La
700 2489 788 2516 Roche
814 2487 1015 2513 Atheniensium
1039 2487 1103 2513 illud
1125 2486 1251 2519 templum
1277 2486 1305 2511 in
1327 2486 1445 2519 ipsorum
1464 2485 1545 2510 Grae-

53 2526 131 2554 Hom.
145 2526 256 2552 Textkr.
274 2533 300 2558 p.
314 2527 372 2552 400.
401 2524 448 2550 sed
466 2524 528 2550 Pott
544 2525 572 2550 in
589 2524 683 2551 Philol.
702 2523 787 2557 suppl.
814 2530 906 2547 corum
933 2521 1028 2547 finibus
1055 2521 1133 2547 aedes
1160 2528 1213 2546 non
1240 2523 1468 2551 commemoratur,
1495 2518 1546 2544 nisi

53 2560 80 2587 11
97 2568 124 2594 p.
138 2562 188 2588 275
205 2562 388 2594 paroxytonon
407 2565 465 2585 esse
482 2558 546 2585 vult.
814 2556 920 2584 vocibus
949 2554 1049 2586 λάινος
1077 2553 1164 2585 οὐδὸς
1192 2553 1304 2588 Φοίβου
1325 2552 1504 2583 ’Λπόλλωνος
1530 2553 1545 2579 1
