1684 2778
139 114 201 146 954
846 110 931 142 κύων

137 194 192 231 βάν
211 194 236 239 9⁷
239 193 319 238 ιζαεν
339 194 368 227 ἐς
386 196 482 230 θηρην
500 193 572 230 ἧμὲν
589 203 673 225 κινες
692 192 744 227 ἡδὲ
763 194 812 220 καὶ
826 190 874 219 αύ-
901 192 1044 234 δυνήσατο
1063 192 1193 235 ἐλθέμεν,
1212 204 1228 228 9
1249 197 1298 222 306
1318 189 1334 228 ἦ
1352 193 1430 236 μάλα
1444 196 1543 227 θαῦμα
1557 195 1634 223 κύων

137 231 190 273 ‘col=
200 229 277 262 υιέες
295 231 472 273 Αὐτολύκου
490 239 506 255 τ
519 232 570 256 436
587 227 690 254 ι’κανον
705 226 874 269 ἐπακτῆρες,
901 204 970 254 ὅδεη
973 229 1045 253 κεῖτ’
1065 228 1107 255 ἐνὶ
1126 227 1238 270 κόπρῳ·
1255 228 1346 270 καλὸς
1368 227 1420 260 μὲν
1444 229 1531 260 δέμας
1549 227 1637 262 ἐστίν

136 264 194 299 πρὸ
215 266 242 291 δ’
267 263 313 299 ἄρ’
333 263 428 291 αῧτιῦν
448 252 510 306 ἴχνι’
535 261 709 304 έρεινῶντες
731 260 815 292 κύνες
834 258 875 295 ἤι-
902 271 918 295 ρ
942 264 992 288 312
1015 259 1122 304 ἀνδρὸς
1148 263 1227 289 κύων
1253 260 1304 289 ὅδε
1331 264 1399 296 τῆλε
1415 262 1580 304 θανόντος·
1609 264 1636 291 εἰ
1660 259 1664 286 Ι

137 307 203 333 σαν,
221 299 253 325 cf.
273 308 289 332 9
309 302 371 331 3173
394 307 409 323 τ
427 301 477 325 438
494 295 644 327 Ὀδυσσεὺς
663 292 725 334 ὴίεν
744 293 809 330 ἄγχι
827 304 875 321 xv·
900 294 1014 322 τοιόσδ’
1034 293 1079 330 είη
1086 294 1165 338 ἠμὲν
1180 297 1269 332 δέμας
1284 296 1334 330 ἡδὲ
1349 297 1397 322 καὶ
1413 293 1490 339 ε’ργα,
1510 295 1574 323 οῐόν
1586 306 1636 330 μιν
1660 302 1662 318 ³

136 335 207 364 νῶν,
230 333 262 359 cf.
282 342 304 359 v.
322 335 385 365 4473
408 336 466 358 erat
485 332 554 357 euim
572 330 676 356 venatio
695 330 722 355 in
744 330 874 356 honorem
901 329 1070 356 κατέλειπεν
1086 328 1148 363 ’.οδ,
1167 330 1240 373 αἰψά
1258 340 1292 357 κε
1307 328 1435 373 θηήσαιο
1451 328 1523 356 ἰδών
1535 339 1635 373 ταχυ·
1659 333 1663 359 ἴ

137 354 223 394 Ulixis
244 367 373 392 instituta.
413 374 428 391 τ
451 367 502 392 444
528 362 580 389 τὸν
601 365 673 396 (σῦν)
700 361 816 404 ἀνδρῶν
842 372 874 390 τε
900 366 984 396 τῆτα
1002 364 1051 389 καὶ
1066 351 1184 396 ἀλκῆν·
1203 363 1237 391 ού
1251 364 1303 406 μὲν
1317 364 1372 406 γάρ
1391 373 1418 390 τι
1433 363 1562 407 φύγεσκε
1574 363 1636 400 βέν-

136 404 232 426 κυνῶν
250 409 281 426 τε
299 400 365 433 περὶ
384 408 435 425 κτι
438 407 491 428 πος
510 398 582 431 ἦλθε
600 399 731 430 ποδοῖιν,
751 394 790 428 ὥς
809 395 876 424 ἐπά-
900 399 985 424 θεσιν
1002 393 1072 439 ῧλης
1085 398 1243 432 κνώδαλον,
1262 395 1323 425 όττι
1340 399 1446 424 δίοιτο·
1460 395 1534 424 καὶ)
1525 396 1635 442 ι’χνεσι
1658 426 1660 430 ,

136 443 237 468 γοντες
252 432 371 467 ἐπῆσαν,
386 432 515 459 offendit'
508 440 534 458 m
550 432 622 458 duali
635 433 752 457 ποδοῖιν
765 432 875 458 Ellendt
901 430 955 475 γὰρ
975 430 1128 474 περιῄδη..
1163 430 1265 467 Αργον
1282 432 1356 459 κατὰ
1374 435 1464 465 μοῖρα
1483 431 1572 466 λάβεν
1589 430 1636 460 αὖ·

138 469 234 496 3110111.
249 469 318 494 Abh.
336 470 374 509 16,
393 467 439 493 sed
453 475 475 492 v.
490 466 549 493 Am.
557 473 624 506 app.
639 467 664 492 h.
679 466 706 499 l.·,
720 466 787 494 1⁷26
800 465 876 492 λέων
901 466 955 492 τίκ7
979 464 1067 492 ἶδόντ
1087 454 1189 500 Ὀδυσῆ
1191 476 1208 492 α
1231 466 1372 502 ἐεικοστῷ
1396 464 1533 508 ἐνιαυτῷ,
1555 467 1635 495 schol.

135 501 299 534 κατεσθίει
323 498 355 527 εί
368 509 422 533 περ
442 497 477 525 ἂν
496 497 586 525 αὐτὸν
609 487 752 526 σεύωνται
776 499 876 541 ταχέες
903 500 952 533 QV
961 500 1026 528 adv.
1038 503 1086 527 291
1097 503 1160 531 πιῐίς
1169 500 1221 526 τὸν
1218 487 1539 544 μεταμεμορφωμένον
1549 498 1636 542 ἐπιγι-

135 545 168 562 τε
186 535 270 566 κύνες
288 535 418 575 θαλέροι
429 534 452 559 τ’
472 532 582 567 αἰζηοί,
605 536 632 560 Λ
651 536 701 561 414
720 529 759 564 ὦς
779 534 806 560 δ’
821 528 876 560 ὅτε
902 534 1022 566 νώσκει;
1036 543 1079 560 οτι
1090 543 1169 575 παρα
1178 543 1246 565 τους
1256 532 1432 574 ἀνθρώπους
1441 535 1491 560 καὶ
1500 533 1535 560 τὰ
1546 531 1636 576 ἄλογα

136 568 278 610 κάπριον
287 567 360 601 ἀμφὶ
382 566 418 593 κι’
422 576 468 598 νες
487 568 615 609 θαλεροί
641 569 666 593 τ’
690 565 787 609 αἰζηοὶ
814 566 876 594 σεύ-
902 570 969 610 ζῷα
981 569 1092 600 μᾶλλον
1111 566 1350 610 αντιλαμβάνεται
1369 569 1418 594 καὶ
1435 566 1468 594 ἐκ
1482 570 1534 603 τῆς
1547 566 1637 604 ὀδμῆς

136 613 238 645 ωιται,
262 602 336 641 ἀμφὶ
361 601 393 627 δέ
417 603 442 643 '⁶2’
461 600 621 634 ἀίσσονται,
641 603 669 628 οἱ
689 601 721 628 δὲ
738 600 876 643 μένοτσιν
904 600 993 628 αὐτὸν
1003 601 1125 644 ε’πὲγνω’
1141 600 1214 628 ἀλλὰ
1225 601 1297 634 μετὰ
1311 605 1433 629 τοιαῦτα
1448 599 1496 636 ε’τη
1513 605 1575 632 πως
1587 600 1636 639 ἔζη

136 635 214 680 ἄφαρ
236 634 332 662 δεινόν
350 644 403 669 περ
424 633 522 669 ἐόντα,
547 636 571 661 Ρ
588 623 638 663 28'2
656 636 782 678 καπρίῳ,
802 632 833 666 ὅς
851 637 875 661 τ’
903 634 918 662 ὁ
938 634 1028 679 κύων,
1045 634 1239 676 Ἀριστοτέλης
1255 637 1326 670 φησὶ
1339 636 1467 670 τέσσαρα
1480 637 1531 662 καὶ
1545 645 1636 665 εικοσι

135 670 166 698 ἐν
177 669 280 712 ὄρεσσι
299 668 386 700 κύνας
406 657 553 710 θαλερούς
572 671 596 696 τ’
615 668 736 710 αἰζηοὺς
755 669 876 717 ῥηιδίως
903 671 955 704 ζῆν
974 657 1028 704 ε’τη’
1036 668 1115 704 κύνα,
1134 671 1167 696 ef.
1182 671 1257 697 Enst
1274 673 1350 703 1820,
1368 673 1400 698 39
1410 678 1442 696 ss.
1470 671 1637 705 Distinguun-

136 704 299 732 ἐκέδασσεν.
340 704 373 729 M
391 706 440 731 147
463 702 581 730 σύεσσιν
604 701 727 738 ἐοικότε,
745 704 786 730 τώ
806 705 830 729 τ’
845 702 876 730 ἐν
902 709 946 731 tur
965 705 998 731 ab
1017 705 1057 731 hjs
1075 705 1184 731 canibus
1203 712 1281 731 canes
1298 706 1470 738 τραπεζῆεςι
1491 705 1579 732 Ψ173
1597 702 1637 732 ἐν·
1654 706 1656 712 “

137 736 253 781 όρεσσιν
272 736 388 771 ἀνδρῶν
407 736 458 771 ἠδὲ
476 741 572 764 κυνιῦν
595 737 711 779 δέχαται
734 740 876 772 κολοσυρ-
903 737 953 764 νέα
971 742 1012 774 τῷ
1030 747 1063 772 γε
1087 736 1186 764 ἄνακτι
1208 739 1354 770 (Patroclo)
1374 739 1539 781 τραπεζῆες
1557 737 1638 772 κύνες

136 775 186 799 τὸν
205 772 294 815 ἰόντα
313 772 409 798 Nauck
426 773 577 811 suspicatur
600 772 713 805 δέχεται
736 774 877 804 κολιοσῑρ-
903 781 988 806 ησαν,
1011 774 1060 798 καὶ
1082 773 1134 805 μὲν
1156 775 1215 798 τιῦν
1238 771 1373 813 ἐνέβαλλε
1400 781 1478 806 πυρῃ
1505 771 1557 799 δύο
1585 774 1637 800 δει-

135 806 184 837 τὸς
200 805 289 848 ἐόντε,
305 807 338 832 cf.
337 806 477 845 Kayser
470 815 496 832 111
511 806 605 833 Philol
619 807 697 833 XVII
707 809 773 847 6923
791 807 816 846 P
827 808 876 832 725
903 806 1079 849 ροτομήσας,
1097 817 1113 839 9
1129 809 1178 834 309
1193 806 1227 832 ού
1242 805 1322 847 σάφα
1337 803 1412 848 οἶδα,
1431 805 1447 840 ἢ
1473 805 1508 840 δὴ
1526 806 1577 832 καὶ
1593 815 1637 834 τσ-

137 838 243 867 ἴθυσαν
257 839 289 867 δὲ
307 849 343 866 κυ
347 849 443 866 νεσσιν
453 838 601 881 ἐοικότες,
621 838 652 866 οι
668 842 691 866 τ’
706 839 753 867 επὶ
772 839 875 881 κάπρω
901 838 953 873 χὶς
981 838 1047 867 ε’σκε
1066 841 1157 873 θέειν,
1183 837 1198 872 ἢ
1217 838 1310 871 αὕτως
1330 840 1390 866 οἱοί
1407 849 1438 867 τε
1455 842 1488 873 (v.
1506 840 1524 868 1.
1546 839 1592 867 -όν
1611 844 1638 869 et

135 873 268 915 βλημένῳ
289 873 394 906 άίξωσι
408 873 465 907 πρὸ
480 872 598 917 κούρων
611 874 800 908 θηρητήρων·
820 871 876 902 ἓως
903 874 933 900 -ά
948 879 988 900 τε»
1002 876 1162 909 τραπεζῆες
1176 873 1260 905 κύνες
1274 873 1389 916 ἀνδρῶν
1402 874 1540 908 γίγνοντ’·
1556 873 1638 909 ἀγλα-

134 908 187 950 μὲν
206 907 274 950 γάρ
282 917 313 934 τε
328 907 431 934 θεουσι
447 908 619 950 διαρραῖσαι
633 912 794 955 μεμαῶτες
814 907 876 933 ἀλλ’
903 907 949 948 ἰ”ης
964 910 991 934 δ’
1006 906 1105 935 ἕνεκεν
1118 907 1277 949 κομέουσιν
1295 906 1424 942 ἄνακτες,
1444 909 1476 935 cf.
1495 909 1527 934 X
1537 910 1570 936 69
1589 905 1638 941 οὓς

137 939 186 969 ότε
206 942 239 976 δή
260 942 286 976 9⁷
306 941 336 968 ἐν
354 945 449 968 τοῖσιν
473 940 609 976 ελίξεται,
633 940 676 984 άψ
695 943 718 968 τ’
734 930 877 975 ἀνεχώρη-
902 941 1008 975 (κύνας)
1025 943 1133 976 τρεφον
1152 941 1183 970 ἐν
1200 939 1357 983 μεγάροισι
1371 943 1536 976 τραπεζῆας
1549 944 1638 976 θυρω-

136 985 189 1003 σαν
212 976 259 1003 διά
283 977 307 1002 τ’
332 972 456 1018 ε’τρεσαν
481 964 609 1007 ἄλλυδις
627 974 726 1016 ἄλλος,
753 977 834 1003 schol.
852 977 877 1002 A
904 976 1001 1009 ωρούς
1019 980 1050 1010 (v.
1067 978 1083 1004 l.
1097 976 1291 1010 πυλαωρούς).
1326 977 1386 1003 Mos
1404 980 1470 1009 erat,
1488 980 1518 1003 ut
1535 977 1637 1012 herooe,

134 1011 209 1045 πρὸς
229 1009 262 1037 τὸ
283 1010 399 1051 θράσος
414 1013 472 1036 τιῦι-
493 1008 602 1052 Τρώων
617 1005 637 1051 ἢ
656 1010 810 1044 ααοαβολ
794 1021 818 1044 η
851 1011 879 1036 N
903 1019 961 1037 cum
980 1012 1007 1037 in
1026 1012 1162 1054 publicum
1181 1011 1330 1043 prodibant,
1350 1018 1440 1037 secum
1458 1011 1587 1053 ducerent
1605 1022 1634 1034 μ.

135 1048 186 1073 475
216 1042 338 1075 ὀδόντας
361 1043 445 1086 θήγει
468 1046 550 1078 (σῦς),
571 1042 731 1085 ἀλέξασθαι
741 1043 877 1084 μεμαώς
902 1053 962 1072 nes:
987 1047 1009 1080 β
1022 1048 1052 1072 11
1072 1047 1110 1086 βῆ
1129 1044 1155 1079 9
1175 1044 1240 1075 ἴμεν
1257 1045 1451 1083 (Telemachus)
1469 1054 1511 1075 εις
1525 1042 1632 1080 ἀγορήν

134 1078 224 1109 κύνας
239 1077 291 1112 ἠδὲ
304 1079 353 1104 καὶ
370 1076 483 1121 ἄνδρας
523 1080 544 1106 Ο
563 1082 612 1106 272
631 1075 670 1109 ὥς
687 1079 711 1104 τ’
731 1075 747 1112 ἢ
769 1076 877 1110 ἔλαφον
904 1078 957 1119 ούκ
980 1088 1055 1112 οιος,
1079 1076 1139 1121 ἔίμοε
1160 1082 1201 1106 τῶ
1224 1087 1257 1113 γε
1281 1078 1340 1105 δύω
1364 1077 1449 1109 κύνες
1467 1077 1557 1120 ἀργοὶ
1573 1081 1620 1112 (v.

133 1113 150 1145 ἠ
172 1111 274 1147 α’γριον
296 1122 364 1147 αιγα
382 1111 539 1139 ἐσσεύαντο
558 1112 594 1138 κι’
598 1122 644 1143 νες
661 1121 692 1138 τε
711 1113 759 1138 καὶ
776 1112 876 1145 ἀνέρες
903 1123 938 1139 κι
941 1122 986 1144 νες
1009 1113 1103 1144 πόδας
1121 1107 1222 1156 ἀργοὶ,
1241 1114 1272 1139 cf.
1287 1114 1345 1139 Am.
1360 1121 1420 1146 app.
1438 1113 1465 1139 h.
1483 1113 1511 1144 1.)
1528 1109 1639 1146 ἕποντο

136 1146 296 1182 ἀγροιῶται
321 1168 327 1173 .
376 1148 447 1178 (λὶς)
470 1146 501 1174 δὲ
523 1145 633 1178 πάντας
656 1145 804 1189 ἀπέτραπε
827 1147 876 1172 καὶ
903 1148 987 1174 schol.
1001 1148 1080 1180 EMQ
1099 1147 1186 1174 τουτό
1206 1156 1282 1178 τινες
1300 1149 1489 1188 σημειοῦνται
1505 1155 1579 1180 προς
1591 1155 1618 1173 τ

136 1184 300 1223 μεμαῶτας,
320 1181 353 1208 cf.
369 1183 395 1207 Λ
410 1183 472 1223 549;
491 1182 574 1208 schol.
585 1181 631 1207 BL
646 1180 783 1223 ἀγρόται·
799 1179 834 1207 οἱζ
838 1190 875 1206 τω
904 1179 1044 1215 ἄγροικον
1065 1185 1124 1207 τιιῖν
1146 1183 1279 1208 παλαιιῖν
1306 1181 1386 1222 βίον·
1413 1178 1443 1221 ἢ
1459 1177 1498 1211 ὥς
1524 1181 1622 1224 φιλακ
1679 1202 1684 1212 .-

137 1215 168 1242 δὲ
191 1214 259 1246 τοὺς
268 1214 429 1258 ω’θηρευτὰς
448 1213 495 1241 ἀεί
519 1224 608 1256 φασιν
636 1224 665 1241 οι
686 1215 816 1241 Ἀττικοί.
854 1215 876 1240 Θ
902 1217 1013 1256 7qv90v
1034 1214 1068 1241 τὸ
1093 1217 1133 1251 ζῷ
1136 1225 1170 1242 ον
1193 1213 1291 1242 ἕπεται
1315 1212 1350 1241 ού
1372 1211 1447 1241 κατὰ
1469 1214 1629 1257 “poulo-5⁶1
1674 1223 1677 1227 ·

138 1252 188 1277 338
207 1259 247 1291 ως
266 1245 314 1275 ότε
333 1249 376 1280 τίς
395 1258 427 1275 τε
444 1259 523 1275 κιων
543 1247 613 1279 συὸς
628 1247 733 1289 ἀγριου
749 1246 781 1282 ἦε
796 1247 876 1275 λέον·
904 1248 1005 1289 αὐτου,
1030 1251 1112 1276 schol.
1110 1226 1157 1276 ῳΜ
1181 1247 1197 1283 ἠ
1218 1245 1288 1279 ἔθος
1307 1250 1342 1282 ἠν
1359 1252 1422 1290 τοῖς
1441 1246 1574 1292 ἀρχαίοις
1622 1259 1623 1262 ¹
1678 1268 1684 1282 5

142 1293 192 1314 τος
211 1280 333 1317 ἅπτηται
352 1282 527 1317 κατόπισθε,
549 1284 637 1310 ποσὶν
657 1282 792 1325 ταχέεσσι
813 1282 877 1308 διώ·
902 1281 974 1309 κύνα
993 1287 1096 1315 κομεῖν
1113 1282 1188 1318 πρὸς
1207 1283 1361 1325 φυλακήν,
1371 1292 1411 1313 ως
1429 1283 1479 1309 καὶ
1498 1280 1629 1315 Ησίοδος
1672 1294 1673 1297 ¹

136 1327 197 1344 κων
210 1320 242 1351 (v
257 1318 273 1344 l.
289 1315 485 1359 πεποιθώς,ν
501 1318 584 1345 schol.
599 1319 640 1350 A),
653 1314 735 1357 ἰσχία
748 1326 780 1343 τε
793 1318 877 1357 γλου-
903 1315 919 1343 ὁ
949 1316 980 1343 δὲ
1011 1317 1176 1359 Τηλέμαχος
1205 1316 1252 1344 διὰ
1280 1315 1314 1343 τὸ
1343 1314 1564 1358 ἀσφαλέστερον

136 1350 204 1394 τούς
223 1360 268 1385 τε,
292 1349 481 1383 ελισσόμενόν
499 1354 531 1383 (v.
546 1352 562 1377 l.
577 1350 685 1393 -μενός)
702 1360 733 1377 τε
753 1348 876 1383 δοκεῖ-ει,
902 1351 954 1384 τὴν
973 1350 1112 1385 επήρειαν
1135 1355 1192 1378 τιῦν
1216 1350 1331 1384 ἐχθρῶν
1355 1350 1407 1377 δύο
1432 1350 1584 1392 ἐκέκτητο,
1673 1371 1675 1374 ⁴

136 1383 175 1417 ὣς
178 1372 290 1419 Ἐκτωρ
307 1387 366 1412 κτλ.
369 1386 472 1419 ‚schoL
483 1386 581 1412 ABLV
596 1383 631 1411 οὐ
647 1383 781 1425 δεόντως,
796 1384 876 1425 φασί,
902 1386 979 1426 Eust5
996 1389 1073 1417 1430,
1096 1389 1136 1413 47
1178 1394 1194 1418 9
1219 1388 1253 1425 62
1275 1394 1292 1411 υ
1317 1387 1366 1412 145
1392 1384 1580 1427 Τηλέμαχος
1581 1386 1622 1411 δ
1615 1377 1635 1401 ³*
1675 1413 1683 1418 ι

135 1423 177 1446 τιῦ
199 1421 265 1446 κυνὶ
294 1417 323 1446 ἓν
347 1421 425 1455 ζῷον
453 1419 589 1445 διώκοντι
617 1407 798 1459 παραβάλλει
825 1417 877 1444 τὸν
902 1419 1044 1461 μεγάροιο
1071 1418 1192 1462 βεβήκει
1221 1427 1305 1453 εγχος
1332 1416 1418 1459 ε’χων·
1447 1428 1507 1451 αμα
1532 1421 1580 1461 τῷ
1672 1429 1676 1433 ’

136 1448 262 1496 Ἕκτορα
281 1447 425 1480 διώκόντα
439 1451 574 1484 πολλούς·
594 1429 688 1484 ἄλλως
701 1462 732 1480 τε
747 1452 801 1479 οἰκ
817 1450 876 1479 ἔδει
904 1453 963 1480 δύω
983 1451 1068 1484 κύνες
1082 1452 1169 1487 ἀργοὶ
1182 1455 1215 1486 (v.
1230 1454 1287 1515 1⁶³5}
1301 1451 1395 1484 πόδας
1412 1450 1512 1493 ἀργοὶ)
1529 1462 1583 1480 επο
1609 1466 1615 1471 ¹

136 1485 264 1529 εἰκάζειν
281 1486 332 1514 τὸν
352 1487 496 1514 διώκοντα
514 1488 588 1519 κυνί,
606 1485 674 1518 τοὺς
690 1486 721 1513 δὲ
737 1485 877 1529 διωκομέ-
903 1488 936 1514 cf.
956 1488 1069 1515 Nitzseh
1091 1488 1152 1515 adn.
1170 1488 1226 1521 Ip
1339 1487 1501 1521 Saepissime
1528 1495 1580 1514 coa·
1576 1487 1627 1511 ιω»

136 1531 205 1552 νους
221 1520 409 1556 ἀλκιμωτέρῳ
426 1521 503 1557 ζῴῳ·
507 1521 554 1562 ῥη
539 1521 623 1555 ητέον
638 1518 694 1548 δὲ(
685 1518 728 1548 ότι
744 1519 759 1547 ὁ
763 1519 875 1563 Ἕκτωρ
903 1526 989 1548 morat
1011 1527 1091 1563 poeta
1113 1530 1130 1548 a
1155 1490 1270 1548 canipbus
1272 1490 1412 1548 ⁷devorari
1439 1521 1575 1549 cadavera.
1622 1528 1633 1544 ὓ

137 1554 267 1583 εἴκασται
287 1557 351 1582 κυνὶ
371 1549 413 1582 ὲνὶ
431 1549 482 1582 κἀὶ
501 1565 516 1581 ο
537 1555 718 1599 διωκόμενος
736 1556 810 1598 θηρὶ
826 1552 877 1581 ενί
903 1559 953 1583 818
974 1553 1014 1586 ὣς
1032 1553 1077 1589 ἄρ’
1093 1554 1228 1588 ἐμέλλετε
1246 1556 1318 1596 τῆλε
1331 1555 1427 1596 φίλων
1439 1556 1488 1581 καὶ
1502 1555 1630 1596 πατρί’,
1671 1567 1674 1571 ¹

137 1612 142 1617 .
189 1611 194 1616 .
220 1587 236 1624 ἦ
260 1590 413 1631 παραβολὴ
439 1590 472 1616 οὐ
496 1590 570 1624 πρὸς
594 1588 676 1623 ἰσχύν
704 1589 775 1616 ἀλλὰ
794 1587 877 1629 πρὸς
905 1600 969 1624 αιης
989 1587 1070 1616 α’σειν
1091 1589 1122 1616 ἐν
1143 1589 1232 1631 Τροίῃ
1250 1588 1354 1632 ταχέας
1370 1587 1472 1650 κύναὲ
1477 1586 1576 1624 ἀργέτι
1598 1595 1615 1622 ζ

136 1624 237 1657 τάχος·
259 1622 345 1655 κύνες
367 1623 423 1658 γὰρ
448 1622 479 1650 ἐν
501 1627 564 1655 ταῖς
586 1624 693 1658 θήραις
717 1621 876 1666 ἐπιτήδειοι
903 1627 949 1659 μῷ
971 1625 1064 1655 (schol.
1080 1625 1103 1651 A
1126 1633 1172 1658 γρ.
1197 1621 1245 1657 ηδ’
1269 1621 1472 1656 οἰωνούς),Σ
1493 1626 1543 1651 283
1572 1632 1629 1650 οιΗ

137 1659 210 1692 πρὸς
230 1658 337 1692 δίωξιν,
357 1659 390 1685 cf.
404 1659 482 1685 schol.
497 1659 556 1692 BL;
575 1668 590 1684 τ
604 1661 653 1685 228
671 1657 798 1699 παροιθε
818 1657 877 1683 δαί·
903 1660 966 1684 ποτ’
982 1657 1129 1691 ἐκπέρσει·
1148 1658 1216 1692 πρίν
1234 1667 1284 1698 μιν
1306 1657 1391 1699 κύνες
1416 1657 1504 1700 ἀργοὶ
1527 1654 1571 1684 ἕδι
1599 1661 1626 1694 ζμ

137 1694 227 1719 δαλον
246 1694 295 1734 ηἐν
312 1693 360 1734 (in
367 1697 441 1719 veste
459 1693 566 1724 Ulixis>
585 1690 616 1719 ἐν
635 1700 806 1733 προτέροισι
825 1690 877 1717 πό·
903 1693 995 1724 (schol.
1011 1693 1057 1718 BL
1076 1693 1109 1719 ad
1127 1693 1151 1718 A
1170 1695 1203 1720 29
1220 1690 1305 1722 κύνες
1323 1689 1372 1732 ἧδ’
1392 1690 1516 1736 οιωνοί),
1535 1691 1568 1719 cf.
1588 1704 1594 1714 2
1606 1696 1610 1697 ’

137 1729 218 1753 δεσσι
242 1726 321 1753 κύων
339 1736 390 1766 εχε
418 1727 553 1753 ποικιλον
580 1725 665 1753 ε’λλὸν
692 1724 876 1768 ἀσπαίροντα
903 1731 984 1760 stons,
1002 1727 1033 1752 X
1044 1729 1078 1754 89
1096 1724 1202 1753 ἄνευθε
1222 1725 1254 1752 δέ
1273 1735 1305 1752 σε
1323 1724 1397 1760 μέγα
1419 1728 1490 1752 νιῦιν
1506 1725 1599 1760 Ἀργε’

136 1760 238 1787 λάων.
259 1782 265 1788 .
310 1759 361 1788 λάε
379 1759 491 1802 νεβρὸν
505 1759 650 1794 απάγχων.
688 1761 709 1786 O
728 1762 778 1801 579
795 1757 877 1786 Ἀντί-
902 1747 984 1801 παρὰ
1005 1761 1090 1794 νηυσὶ
1112 1758 1197 1791 κύνες
1219 1759 1319 1802 ταχέες
1341 1758 1526 1800 κατέδονται,
1552 1769 1574 1794 φ

136 1797 223 1837 λοχος
244 1796 272 1821 δ’
293 1793 438 1836 ἐπόρουσε
455 1794 535 1821 κύων
554 1797 585 1828 (v.
601 1796 617 1821 1.
633 1793 717 1827 λέων)
734 1790 783 1825 ὥς,
802 1792 834 1824 ὀς
852 1795 876 1819 τ’
903 1794 963 1828 τάχ’
984 1796 1020 1821 αὑ
1036 1800 1068 1827 (ν.
1083 1795 1100 1822 1.
1117 1792 1161 1827 αν)
1179 1796 1204 1821 σ’
1223 1792 1282 1829 ἐφ’
1284 1790 1366 1820 ύεσσι
1381 1791 1466 1825 κύνες
1478 1793 1623 1835 ταχέεςκζι

136 1829 183 1855 ἐπὶ
207 1831 302 1871 νεβριῦ
320 1827 460 1871 βλημένῳ
476 1826 552 1863 ἀίξη,
571 1829 655 1856 schol.
670 1829 716 1855 BL
735 1830 877 1854 τοσοῦτον
902 1829 1033 1855 τέδονται
1053 1833 1084 1859 (v.
1099 1829 1234 1861 1.-ουσιν)
1253 1837 1318 1854 οιον
1332 1827 1380 1854 ἀπ’
1395 1827 1562 1870 ἀνθρώπων
1592 1835 1615 1853 1²

131 1861 200 1891 Ἀντ.
214 1863 323 1904 μείζων
346 1857 540 1890 Μελανίππου
564 1859 635 1889 ὅσον
658 1864 767 1897 νεβρου
785 1860 876 1888 κύων
903 1861 1034 1904 ε’τρεφες,
1053 1864 1081 1889 <2
1095 1865 1143 1890 211
1163 1866 1207 1903 τῷ
1224 1863 1252 1888 δ’
1272 1859 1312 1895 ὥς
1329 1864 1402 1888 ποθι
1415 1865 1506 1904 μοῖρα
1520 1847 1620 1896 sul-mir

136 1897 170 1924 τὸ
191 1895 275 1928 ἀδεὲς
295 1896 326 1924 δὲ
345 1898 395 1924 καὶ
413 1897 484 1931 ταχὺ
498 1898 547 1923 καὶ
561 1895 743 1936 πρόθυμον
730 1899 783 1922 τοῦ
793 1895 877 1922 Ἀντι-
903 1898 972 1937 λίνῳ
993 1895 1155 1930 ἀργίποδας
1172 1890 1260 1927 κ’ύνας
1278 1897 1348 1923 οἷσαι
1362 1894 1419 1923 έιῦν
1435 1894 1583 1923 ἀπάνευθε
1604 1924 1617 1928 ,

136 1930 225 1973 λόχου
245 1927 292 1957 διὰ
311 1941 363 1958 τοιν
377 1932 465 1962 κυνὸς
484 1933 578 1974 δηλοῖ.
614 1931 644 1957 Χ
658 1933 706 1958 189
721 1926 760 1960 ὥς
780 1931 808 1956 δ’
827 1926 875 1956 ὅτε
902 1925 993 1971 κη’ών,
1016 1932 1041 1957 P
1057 1934 1106 1958 272
1128 1931 1253 1963 μίσησεν
1274 1931 1302 1956 δ’
1322 1927 1378 1964 ἄρα
1396 1939 1446 1963 μιν
1464 1929 1553 1963 δηίων

136 1965 240 2008 νεβρὸν
260 1964 371 2007 ὄρεσφι
382 1975 460 1992 κυων
476 1964 600 1998 ελάῳοιο
617 1965 721 2006 δίηται,
741 1962 832 2006 ὄρσας
845 1962 877 1995 ἐξ
902 1964 938 1992 21'
942 1974 1000 1998 ρμα
1018 1964 1156 2004 γενεσθαι
1173 1966 1315 2000 Τρῳῇσιν,
1333 1965 1367 1991 cf.
1381 1965 1461 1992 schol.
1475 1965 1511 1998 Β,
1528 1965 1614 1991 Dum

135 1998 230 2043 εἰνῆς,
250 1999 296 2026 διά
315 2001 338 2026 τ’
349 1999 449 2041 ἄγκεα
467 2001 517 2026 καὶ
538 1999 585 2026 διὰ
604 1997 715 2041 βήσσας
735 2020 740 2026 .
761 2020 766 2024 .
785 2019 791 2024 .
816 1996 875 2024 ἀνι·
902 2004 929 2026 et
947 2000 1043 2026 Nauck
1061 2000 1232 2033 suspicantur
1249 2008 1270 2026 v.
1286 2002 1366 2026 272s.
1385 2006 1445 2025 esse
1467 1985 1599 2032 spurios,
1608 2011 1616 2019 ν

134 2034 245 2067 χνεύων
263 2033 325 2060 ιιιεῖει
346 2031 480 2068 εμπεδον,
494 2031 587 2073 σ”φρα
589 2042 640 2060 κεν
654 2030 733 2067 εῧρη,
753 2033 785 2059 cf.
799 2033 875 2059 Eust.
903 2035 983 2060 etiam
1001 2042 1052 2060 vau
1066 2034 1230 2060 Herwerden
1248 2036 1349 2074 quaest.
1367 2040 1408 2067 ep.
1424 2036 1452 2059 et
1470 2033 1535 2074 eleg.
1549 2031 1600 2060 33⁶¹
1616 2051 1618 2053 ·

136 2072 213 2100 1265,
241 2071 286 2102 283
319 2069 342 2094 E
367 2071 418 2096 476
449 2066 693 2094 καταπτώσσουσι
724 2066 808 2097 κύνες
836 2063 876 2097 ὣς
902 2071 952 2096 509
976 2070 1028 2094 νῦν
1051 2068 1083 2093 δὲ
1106 2066 1139 2094 σὲ
1162 2066 1245 2094 ευλαὶ
1269 2065 1397 2108 ε’δονται,
1420 2065 1484 2093 ἐπεί
1505 2075 1539 2092 κε
1608 2085 1614 2102 5

137 2090 213 2135 ἀμφί
229 2090 341 2142 λέοντα,
360 2103 431 2130 οἱ.-
411 2103 435 2117 v
447 2105 529 2130 585s
549 2101 662 2128 δακέειν
680 2100 732 2134 μὲν
747 2100 875 2141 ἀπετρω-
901 2100 1096 2145 κορέσωνται,
1108 2099 1225 2135 γυμνόν,
1246 2102 1316 2128 Ψ21
1328 2088 1433 2134 Ἕκτορ
1436 2109 1454 2126 α
1473 2098 1595 2130 δώσειν,

135 2140 230 2162 πῶντο
264 2135 405 2177 λεόντων,
442 2135 592 2168 ιστάμενοι
625 2135 656 2162 δὲ
689 2135 758 2168 μάλ’
791 2132 876 2168 ἐγγὺς
903 2137 949 2162 σὶν
968 2135 1033 2167 ωμὰ
1062 2133 1208 2162 δάσασθαι
1221 2135 1362 2177 promittit
1375 2135 1492 2162 Achilles
1509 2131 1619 2176 Pan-od·

136 2169 278 2196 ὑλάκτεον
306 2168 338 2197 ἔκ
369 2171 397 2197 τ’
425 2169 557 2197 ἀλέοντο,
606 2171 721 2197 Summis
753 2169 876 2195 laudibus
902 2171 984 2197 schol.
1000 2171 1021 2196 B
1041 2169 1182 2196 εἰώθασιν
1200 2168 1229 2196 οἱ
1247 2168 1333 2200 κύνες
1351 2166 1437 2199 ἄλλος
1451 2164 1586 2195 ἄλλοσε’

136 2205 245 2231 effertur
268 2205 466 2238 4ιὲι18,ο3,1113
487 2205 534 2231 ille
556 2206 694 2231 venaticus
718 2203 816 2244 mim,
843 2203 876 2230 ob
902 2207 978 2230 σπᾶν
996 2205 1044 2230 καὶ
1063 2204 1235 2243 μερίζεσθαι
1253 2202 1287 2230 τὸ
1307 2206 1399 2235 σῶμα
1417 2203 1538 2230 Nauckio
1550 2202 1576 2229 vi
1598 2212 1615 2223 ιιι

136 2239 214 2264 fidem
233 2239 351 2272 aliasque
369 2239 489 2265 virtutes.
525 2248 542 2272 9
562 2241 610 2266 291
630 2235 665 2264 ἂν
685 2237 716 2264 δὲ
734 2236 814 2264 κύων
831 2246 876 2263 κε-
902 2242 946 2265 tur
963 2247 986 2264 v.
1001 2241 1102 2265 21—23
1122 2238 1205 2279 spurii
1219 2245 1284 2265 esse.
1314 2238 1338 2263 P
1352 2240 1400 2264 127
1422 2234 1471 2263 ίνα
1487 2235 1538 2263 τὸν
1553 2244 1589 2262 ν’»
1609 2247 1611 2255 ¹

137 2272 233 2305 ‹Ja7aJ'2
260 2281 291 2298 τε
318 2273 367 2298 καὶ
395 2270 486 2298 ούατα
512 2272 648 2315 κείμενος
675 2268 770 2313 ε’σχεν
775 2268 877 2312 Ἄργος
905 2273 1038 2313 Τρωῇσιν
1061 2270 1258 2312 ἐρυσσάμενος
1275 2272 1344 2298 κυσὶ
1362 2270 1442 2312 δοίη,
1465 2278 1482 2297 σ
1499 2272 1570 2303 871

135 2307 301 2349 Οδυσσῆος,
324 2303 358 2331 ὅν
376 2305 414 2348 ῥά
432 2308 496 2333 ποτ’
516 2301 602 2348 αὐτὸς
620 2306 716 2349 θρέψε
739 2304 792 2347 μὲν
811 2303 876 2331 οὐδ’
902 2305 998 2340 μήδεά
1014 2307 1119 2339 (Nauck
1140 2304 1260 2348 μέζεάῗ)
1281 2307 1304 2331 τ’
1328 2291 1467 2338 ἐξερύσας
1490 2302 1550 2338 δῴη
1551 2278 1616 2336 χ(ἓ-ξ
1666 2304 1681 2323 5¹

138 2339 279 2381 απόνητο
298 2338 349 2366 τὸν
369 2340 400 2367 δὲ
419 2339 564 2383 πάροιθεν
578 2340 737 2382 ἀγίνεσκον
755 2338 816 2366 νέοι
832 2336 876 2366 ἂν-
903 2342 1004 2381 ρυσαν)
1021 2341 1106 2366 κυσὶν
1124 2338 1189 2372 ώμὰ
1210 2339 1365 2381 δάσασθαι,
1384 2340 1412 2365 Ν
1427 2340 1478 2366 233
1496 2339 1564 2365 αὖθι
1609 2347 1612 2356 ¹

140 2376 217 2413 δρες
225 2376 308 2415 αι’γας
327 2373 370 2415 ἐπ’
391 2373 552 2423 ἀγροτέρας
570 2372 622 2409 ἧδὲ
636 2374 748 2416 πρόκας
757 2372 815 2414 ἠδὲ
830 2375 877 2399 λα·
904 2377 961 2400 νιῦν
970 2373 1258 2416 με’λπηθραγένοιτο,
1264 2371 1296 2405 ὅς
1305 2382 1348 2404 τις
1356 2374 1475 2416 μεθιῇσι
1484 2370 1613 2405 μάχεσθα

137 2406 245 2449 γξωοις
268 2407 301 2441 δη
321 2408 386 2434 τότε
404 2410 475 2435 κεῖτ’
493 2391 660 2439 ἀπόθεστος
679 2407 710 2435 ἐν
728 2408 840 2441 κόπρῳ,
859 2416 875 2440 ρ
903 2409 984 2435 schol.
999 2409 1096 2435 ABDL
1115 2407 1187 2440 μετὰ
1200 2417 1291 2442 κορον
1305 2407 1494 2449 σφαιρίζουσι
1507 2405 1613 2436 τὰςσ-

137 2446 188 2470 300
211 2440 240 2468 ἐν
244 2444 282 2468 θα
305 2441 384 2468 κύων
405 2445 476 2469 κεῖτ’
495 2440 615 2491 Ἄργος,
623 2441 768 2472 ἐνίπλειος
794 2450 876 2467 κυνο-
903 2452 956 2473 κας
979 2443 1028 2468 καὶ
1048 2441 1269 2476 διαρρίπτουσιν
1292 2450 1321 2468 οι
1339 2439 1434 2474 κύνες,
1457 2438 1531 2466 λέων
1553 2436 1585 2466 δὲ

139 2475 295 2517 ραιστέων
325 2474 358 2509 δη
387 2475 452 2503 τότε
467 2479 522 2520 γ,
538 2475 577 2519 ὠς
601 2475 720 2519 ενόησεν
741 2474 877 2502 Ὀδυσσέα
903 2479 959 2503 πᾶν
978 2475 1081 2503 εσθίει.
1112 2477 1202 2504 Ρ255
1219 2477 1248 2502 Σ
1266 2478 1315 2503 179
1333 2461 1527 2515 νεμεσιζέσθω
1547 2469 1573 2500 δ’

139 2510 154 2537 ε’
155 2520 224 2550 γγις
239 2508 332 2543 εόντα
348 2508 423 2544 ούρη
436 2510 489 2542 μὲι
508 2511 534 2545 9⁷
549 2508 565 2536 ὅ
583 2513 609 2545 γ’
624 2507 708 2552 έσηνε
721 2511 772 2536 καὶ
786 2507 878 2536 offam
903 2513 989 2546 θυμῳ
1006 2509 1105 2544 (σέβας
1125 2509 1156 2537 δέ
1175 2518 1207 2537 σε
1225 2510 1322 2543 θυμὸν
1335 2485 1455 2541 ικέσθω)
1467 2506 1609 2542 Πάτροκλ’

138 2521 286 2579 κάββαλεν
293 2553 385 2585 αμφω
403 2546 487 2576 (Eust.
504 2548 577 2578 1820,
592 2548 625 2573 49
640 2540 655 2571 ὃ
676 2543 709 2579 δι’]
727 2553 876 2585 χαρακτηρ
906 2538 1022 2587 Τρῳησι
1044 2545 1129 2571 κυσὶν
1154 2546 1190 2576 (v.
1213 2545 1230 2570 l.
1253 2545 1334 2576 κυσὶ)
1354 2542 1506 2583 μέλπηθρα
1526 2540 1613 2573 (Nm

138 2582 200 2610 τοῖς
218 2586 364 2608 τοιούτοις
381 2579 480 2612 φιλίας
500 2565 600 2613 ἐστίν),
620 2580 711 2605 ασσοι
732 2580 760 2604 δ’
780 2576 876 2604 οὗκέτι
904 2573 1063 2612 ἕλκἠθραῗ)
1077 2577 1222 2613 γενέσθαι,
1235 2579 1317 2605 schol.
1327 2578 1374 2604 AB
1387 2573 1442 2602 ὑπὸ
1456 2577 1552 2602 κυνῶν
1564 2581 1623 2620 σπι,
