1684 2778
131 113 211 144 1116

133 196 241 222 laender
256 195 298 221 die
313 195 373 221 krit.
386 195 540 227 Benutzung
551 193 597 219 der
608 188 654 218 ἅπ,
665 191 718 225 εἰρ.
730 193 756 218 10
767 192 861 218 Philol.

134 232 198 257 1851
220 239 242 264 p.
263 232 312 256 250
335 229 393 256 adn.
413 231 457 261 39,
485 229 529 261 qni
553 231 646 253 contra
669 228 787 253 Curtium
812 227 827 253 l.
847 227 862 252 l.

134 272 223 290 vocem
242 263 401 289 homericam
420 270 477 288 esse
496 261 600 288 iudicat.

132 305 424 363 ἀρ
441 291 736 362 {trezissssftffttt
749 294 864 360 331Ἇὲ

262 350 276 358 ..Α
362 347 364 351 '
595 355 599 357 .
612 348 618 360 ⁷
790 348 792 351 '

133 373 212 399 ψεως
236 367 346 397 μοιχιῦν
369 361 560 394 ἐκτιννίμενα.
596 359 707 393 ὁμοίως
734 359 864 395 ζωάγρια

131 398 258 434 βοάγρια
283 397 450 431 ἀνδράγρια.
484 396 516 422 cf.
536 396 568 421 ib.
589 396 670 422 schol.
691 396 768 428 EQP,
788 396 863 422 Eust.

134 436 197 461 1599
220 436 269 465 43,
301 433 332 458 Ε.
358 432 394 456 Μ.
418 432 466 457 589
489 432 538 463 36,
566 430 688 462 Hesych.,
708 430 788 463 Suid.,
809 430 864 456 Leo

132 468 225 501 Meyer
247 467 296 499 vgl.
318 466 361 491 Gr.
381 466 405 490 ΙΙ
429 473 453 497 p.
473 466 529 495 471,
555 464 743 489 Weissenborn
762 464 794 490 de
813 464 863 490 adi.

133 509 214 534 comp.
238 509 262 533 p.
288 503 332 530 51,
360 499 477 531 Schaper
505 505 563 530 gen.
587 505 669 531 comp.
693 506 717 530 p.
737 500 765 530 4,
792 498 864 524 Stolz

132 537 306 567 zusgesetzte
328 533 401 558 Nom.
421 540 444 564 p.
468 534 516 563 14.)
546 539 644 564 poena,
664 539 742 564 quam
761 532 865 558 adulter

135 569 259 595 solvebat.
287 569 366 593 9332
384 563 564 598 μοιχάγρι’
582 564 706 597 ὀφέλλει.
728 566 825 599 legitur
838 566 865 591 in

134 603 246 628 carmine
257 601 288 626 118
299 601 386 626 Marte
397 600 541 631 etVenere,
552 600 622 632 quod
633 607 649 625 a
658 599 793 633 plerisque
805 608 864 633 spu-

133 637 199 662 rium
210 635 347 661 iudicatur.
367 634 399 659 de
410 633 482 659 verbi
493 631 629 664 ὀφέλλειν
639 642 697 659 cum
708 632 865 667 μοιχάγρια

133 670 262 695 coniuncti
277 669 384 694 notione
394 668 426 693 cf.
438 667 493 693 Leo
505 668 596 700 Meyer
606 668 632 693 in
643 668 771 694 Bezzenb.
783 669 865 694 Beitr.

132 704 181 729 VII
193 712 217 736 p.
229 705 306 729 3165.
334 702 374 727 De
389 702 446 734 ipsa
460 709 547 734 poena
560 702 695 728 Buchholz
710 702 865 728 1100111831.

131 738 155 763 II
169 740 177 763 1
192 746 207 769 p
223 739 449 769 84.-praeterea
459 735 866 769 ν1118Ε118111.1111013811οῐΖοῃὲ

134 772 181 797 der
200 767 246 796 [z'n.
267 769 318 803 εἷο.
340 770 365 795 in
384 769 477 795 Philol.
498 771 561 796 1851
582 778 607 803 p.
627 772 675 796 231
699 770 796 796 31111.4.

164 806 283 837 μολεῖν
301 813 324 830 ν.
342 801 495 837 malama.

165 837 304 872 μόλῑβος
326 841 373 868 (ex
391 834 511 869 ,uo'mfog
531 840 624 867 ortum,
649 841 788 870 cognatum
807 845 865 863 esse

133 881 191 898 cum
211 873 255 897 lat.
275 872 410 905 plumbum
429 879 509 904 germ.
529 871 565 904 pli
584 872 636 898 blei
659 872 816 903 Savelsberg
834 871 866 897 de

133 907 183 939 dig.
201 908 264 932 1867
280 914 303 938 p.
314 908 355 932 20.
371 905 443 931 Curt.
461 905 551 931 Grdz.⁴
567 914 592 938 p.
603 908 659 939 373,
679 906 741 932 Pott
751 906 780 931 E.
792 906 821 931 F.
841 905 866 931 Ιι

130 939 407 973 p.113,BenfeyW.L.
420 940 430 965 I
441 948 464 972 p.
473 941 522 966 525
529 939 693 969 s.,Woerner
703 940 776 966 subst
790 940 866 966 Hom.

133 982 191 1007 app.
212 983 236 1007 p.
247 976 287 1006 20,
306 974 429 999 Walther
447 973 527 999 Kuhn
547 974 651 1000 Ztschr.
670 974 721 999 XII
739 982 763 1007 p.
778 976 827 1000 403
846 981 866 1000 5.

132 1009 258 1040 iudicant,
278 1007 456 1040 obloquuntur
475 1007 561 1033 Pie-tet
580 1008 605 1032 in
625 1008 703 1034 Kuhn
722 1008 822 1034 Ztschr.
842 1008 866 1034 V

131 1051 156 1076 p.
177 1044 226 1068 333
246 1041 305 1067 adn.
325 1045 352 1067 et
371 1042 505 1067 Duentzer
523 1041 557 1067 ib.
577 1042 639 1068 XIV
658 1050 681 1075 p.
700 1044 756 1074 197,
775 1042 819 1074 qui
834 1041 867 1068 ad

132 1084 181 1102 scr.
197 1076 266 1101 mala
280 1075 295 1101 i.
313 1083 335 1101 e.
350 1075 439 1101 sordes
454 1075 579 1101 referunt.
607 1076 641 1101 ad
656 1076 701 1102 lat.
716 1076 803 1102 mollis
818 1076 867 1101 Lo-

131 1110 197 1136 beck
217 1110 289 1142 path.
307 1109 339 1135 el.
359 1110 369 1135 I
388 1118 412 1142 p.
425 1112 482 1142 516,
497 1109 600 1135 Krause
616 1110 765 1143 Ursprache
780 1118 866 1143 progr.

131 1144 252 1170 Gleiwitz
280 1145 342 1170 1881
367 1152 392 1176 p.
411 1146 444 1170 20
467 1144 599 1176 pertinere
619 1144 743 1177 iudicant,
766 1144 799 1170 ad
817 1153 868 1175 μο-

130 1177 214 1210 λύνω,
235 1176 323 1209 μέλας
343 1177 442 1203 Goebel
462 1178 511 1204 lex.
528 1179 539 1203 Ι
558 1186 582 1210 p.
597 1180 654 1205 457.
687 1178 763 1204 EM.
775 1180 868 1205 59012

130 1211 254 1245 μόλιβος
281 1213 329 1237 καὶ
357 1211 518 1246 μόλυβδος“
546 1210 626 1244 παρὰ
648 1210 680 1237 τὸ
705 1214 807 1244 μολεῖν
826 1211 869 1243 εἰς

130 1244 275 1280 βάθοςῌ).
305 1246 403 1272 Forma
429 1243 552 1279 μόλιβος
575 1249 603 1271 ut
626 1254 695 1279 quae
718 1246 751 1272 ab
779 1247 869 1278 lingua

133 1281 208 1313 epica
221 1280 376 1311 abhorreat,
397 1280 560 1313 improbatur
578 1280 611 1305 ab
626 1280 729 1314 Heyne,
751 1280 867 1314 Brunck,

135 1314 286 1340 defenditur
305 1322 321 1339 3
339 1314 461 1347 Spitzner
484 1314 516 1340 311
537 1314 558 1339 Δ
576 1315 625 1340 237
644 1318 670 1340 81
693 1318 745 1348 opt.
766 1315 821 1340 cod.
843 1318 869 1340 et

132 1348 362 1381 grammaticorum
382 1348 414 1373 cf.
428 1348 500 1373 Eust.
520 1350 570 1374 840
588 1351 628 1381 62,
648 1350 695 1375 841
720 1352 756 1381 17,
780 1349 867 1382 Apoll.

131 1382 212 1414 Soph.
232 1391 248 1415 p
270 1383 303 1408 59
322 1382 499 1413 auctoritate.)
529 1382 673 1414 plumbum.
707 1384 731 1408 Α1
751 1385 799 1409 237
818 1381 868 1414 μό-

134 1417 217 1449 λιβος
232 1412 272 1446 (ὃς
287 1413 421 1448 ἐτράπετ’
442 1414 529 1448 αἰχμὴ
545 1416 568 1440 D
583 1416 656 1443 Vrat.
672 1417 695 1442 A
713 1415 868 1450 μόλυβδος.

132 1458 181 1476 van
205 1450 357 1476 Herverden
385 1450 411 1475 in
434 1450 523 1476 Herm.
546 1450 608 1475 XVI
627 1459 651 1484 p.
672 1452 733 1477 358:
762 1458 795 1476 an
819 1451 869 1476 fuit

134 1483 283 1517 μόλυβοςῬ
304 1484 336 1509 cf.
351 1484 430 1509 etiam
440 1484 631 1509 Friedlaender
641 1485 701 1510 krit.
712 1485 870 1518 Benutzung

131 1518 179 1544 der
193 1514 314 1555 {infla
334 1518 428 1544 Philol.
451 1520 512 1545 1851
533 1526 557 1550 p.
577 1520 634 1544 240.

162 1553 320 1579 Mol-Zure.
332 1553 413 1579 .1709
423 1550 494 1583 μετὰ
512 1551 541 1578 δὲ
553 1560 603 1584 σιμ
615 1552 745 1578 Μολίονε
756 1550 869 1585 θωρήσ-

132 1594 220 1611 σοντο
242 1586 244 1619 Ι
265 1587 348 1611 παῖδ’
373 1583 414 1612 ἔτ’
434 1584 516 1619 ἐόντ’,
544 1584 577 1612 οὕ
601 1595 646 1612 πω
673 1584 750 1619 μάλα
774 1585 869 1612 εἰδότε

134 1618 274 1653 θοῦριδος
294 1617 394 1652 ἀλκῆς,
419 1622 469 1647 750
492 1620 541 1646 καί
560 1618 592 1647 νύ
616 1629 666 1646 κεν
691 1619 869 1653 Ἄκτωρίωνε

132 1654 263 1680 Μολίονε
281 1655 364 1679 παῖδ’
384 1652 527 1687 ἀλάπαξα,
550 1655 551 1687 l
574 1653 601 1681 εἰ
618 1653 656 1686 μή
672 1663 752 1688 σφωε
771 1663 865 1687 πατηρ

136 1686 205 1721 ειῖρὺ
225 1687 334 1721 κρείων
349 1686 510 1721 ἐνοσίχθων
527 1689 529 1723 Ι
547 1687 579 1714 ἐκ
598 1688 727 1720 πολέμου
747 1686 867 1714 ἐσάωσε.

133 1722 233 1748 Nomen
261 1722 450 1755 appellativum
478 1723 646 1749 iudicandum
678 1731 736 1749 esse
767 1731 869 1755 censeo,

133 1757 182 1782 etsi
209 1757 295 1782 forma
321 1757 520 1790 patronymicon
548 1765 607 1784 esse
634 1757 767 1790 videatur,
799 1757 869 1790 quod

131 1790 310 1824 Ἀκτωρίωνε
339 1791 470 1816 Μολίονε
497 1791 605 1817 vocibus
629 1791 784 1824 coniunctis,
809 1799 868 1817 cum

132 1825 203 1858 apud
226 1828 333 1858 poetam
357 1825 408 1850 duo
432 1826 616 1858 patronymica
638 1834 689 1851 non
713 1826 787 1851 iuxta
805 1825 869 1858 poni

134 1862 246 1891 constet,
266 1859 406 1891 quominus
420 1862 489 1892 patr.
505 1860 683 1885 existimemus
702 1859 868 1892 impedimur.

134 1894 223 1925 Atque
243 1893 311 1918 hanc
330 1893 513 1919 difficultatem
532 1897 562 1920 ut
584 1894 709 1920 tollerent
727 1894 771 1919 alii
789 1893 869 1919 aliam

137 1927 206 1953 viam
215 1927 336 1965 ingressi,
350 1928 549 1960 patronymicon
565 1929 603 1953 ita
617 1928 769 1960 defendunt,
785 1931 813 1952 ut
823 1931 869 1953 aut

133 1969 149 1987 a
173 1961 287 1994 Μόλος,
316 1961 377 1987 ficto
402 1962 494 1987 matris
522 1962 705 1988 Actoridarum
732 1965 808 1995 patre
836 1962 869 1989 cf,

135 1995 216 2021 schol.
237 1996 260 2033 ᾼ
278 1995 312 2021 311
331 1996 355 2020 Α
375 1998 433 2028 709,
451 1996 526 2022 Eust.
545 1998 595 2022 882
612 1999 642 2023 13
661 2000 707 2022 aut
726 2004 742 2021 a
759 1993 868 2028 Μόλος,

134 2030 769 2097 3ἕέῗέἷῖΠὲεέῗὲοῗθρὶῗεὲἶῗὲἓῖΓέἳιοῗὶῗςὶῗ]
784 2029 869 2090 1,ξίἓὲξὲ

136 2097 173 2123 113
196 2097 335 2130 ducerent,
363 2101 392 2124 ut
416 2106 446 2124 ex
466 2098 643 2124 Μολιονίονε
667 2099 797 2124 concisum
815 2098 869 2130 opi-

133 2136 269 2157 narentur.
310 2134 402 2157 contra
424 2133 626 2166 dispo-taverunt
648 2133 762 2158 Ariston.
788 2132 868 2157 schol.

132 2166 156 2190 A
175 2165 208 2191 ad
227 2166 252 2190 A
274 2167 322 2192 709
342 2165 449 2197 μήποτ’
470 2168 521 2192 οὖν
537 2163 593 2191 ἀπὸ
609 2169 661 2192 τοῦ
680 2165 785 2200 ταύτης
800 2167 870 2192 (Μο-

133 2197 247 2237 λιόνης)
268 2197 377 2233 πατρὸς
401 2199 504 2226 Μόλου
527 2196 621 2230 οὕτως
649 2199 754 2231 αὐτοὺς
781 2197 869 2232 εἶπεν,

133 2233 167 2258 111.
188 2233 220 2258 311
240 2235 263 2258 ,1
284 2236 334 2260 750
353 2230 368 2266 ἦ
391 2235 414 2260 δ.
434 2232 478 2260 ὅτι
498 2233 635 2260 ἐντεῦθεν
654 2230 788 2264 Ἡσίοδος
812 2231 869 2259 ’Ἁκ-

133 2275 221 2300 τορος
249 2268 314 2292 κατ’
338 2266 486 2300 ἐπίκλησιν
513 2270 561 2295 καὶ
587 2266 736 2301 Μολιόνης
764 2266 869 2298 αὐτοὺς

134 2299 386 2335 γεγενεαλόγηκεν,
411 2302 488 2337 γόνῳ
509 2301 540 2328 δὲ
560 2303 753 2332 Ποσειδῶνος.
791 2300 870 2328 οῦδὲ-

133 2343 204 2359 ποτε
231 2331 407 2369 ὁὲ“’ομηρος
430 2335 486 2362 ἀπὸ
511 2335 621 2370 μητρὸς
643 2336 811 2369 σχηματίζει
836 2336 868 2362 cf.

133 2369 211 2394 eund.
227 2369 260 2394 ad
279 2370 303 2394 .1
319 2372 377 2403 709,
396 2371 476 2396 schol.
488 2372 508 2396 B
527 2372 561 2397 ad
582 2372 603 2396 A
619 2373 659 2403 72,
679 2371 766 2404 Apoll.
781 2370 869 2404 Soph„

133 2402 219 2441 Lebrs
233 2403 329 2428 Α1·151.2
347 2412 370 2436 p.
390 2406 437 2431 176
448 2412 467 2430 s.
496 2405 673 2431 Nihilominus
693 2405 719 2430 in
739 2412 796 2430 eam
811 2413 870 2430 sen-

133 2440 244 2462 tentiam
263 2437 392 2464 accedunt
411 2439 465 2464 Leo
483 2439 576 2472 Meyer
594 2439 644 2472 vgl.
664 2439 708 2464 Gr.
728 2439 752 2464 II
771 2447 795 2472 p.
811 2440 870 2472 468,

134 2471 278 2496 Buttmann
301 2472 329 2497 A.
349 2472 407 2504 Spr.
430 2473 455 2498 11
479 2481 503 2505 p.
523 2475 585 2505 333,
613 2473 723 2499 Lobeck
745 2473 816 2506 path.
837 2473 869 2498 el.

134 2505 145 2530 I
164 2512 189 2537 p.
205 2506 261 2537 393,
282 2504 384 2530 Preller
403 2506 448 2533 Gr.
463 2507 546 2540 Myth.
566 2507 606 2532 ed.
626 2507 638 2532 I
656 2507 707 2532 vol.
727 2507 752 2532 11
771 2515 796 2540 p.
813 2508 869 2539 165,

134 2539 225 2564 Ameis
234 2539 304 2577 h⁰.¹¹¹·
315 2539 511 2570 Kleinigkeiten
521 2549 607 2574 progr.
619 2541 793 2566 Muelhausen
805 2543 867 2568 1861

134 2581 159 2606 p.
173 2575 212 2607 13,
230 2580 274 2606 qul
289 2580 304 2599 a
317 2576 393 2606 patre
404 2573 526 2600 ΔΠυλίων
541 2575 626 2601 dictos
641 2582 698 2601 esse
712 2578 796 2608 putat,
810 2582 870 2601 cum

658 108 833 151 μοιχάγρια
852 126 890 131 —
915 109 1060 140 Μολίονε

890 192 1009 219 Am.-He.
1020 192 1052 218 ad
1062 193 1087 218 A
1099 195 1148 220 709
1157 200 1173 218 3
1186 195 1271 218 matre
1285 191 1434 225 appellatos
1448 198 1505 217 esse
1514 190 1620 224 opinen-
1666 215 1671 227 ,

889 231 940 258 tur,
951 226 1080 252 Kreutzer
1089 227 1176 261 Symb.
1188 227 1224 252 III
1234 236 1258 260 p.
1268 229 1309 258 41,
1320 226 1350 251 G.
1359 225 1492 251 Hermann
1505 233 1546 258 op.
1558 225 1620 252 VIII
1664 231 1670 256 ,ῑ

890 269 915 295 p.
930 263 1038 287 20-23
1061 261 1105 294 qui
1127 265 1230 294 patrem
1255 260 1378 291 Mullum,
1401 267 1478 285 avum
1497 260 1621 285 Actorem
1666 257 1670 291 ’ς

890 295 972 321 fuisse
992 295 1160 327 excogitavit.
1196 294 1248 320 Sed
1266 294 1298 319 H.
1313 294 1345 320 D.
1361 293 1474 319 Mueller
1493 293 1576 326 Myth.
1595 293 1619 319 d.
1666 293 1671 332 ξ

890 329 985 355 hellen.
1004 329 1134 354 Staemme
1153 329 1163 353 Ι
1181 337 1207 361 p.
1221 330 1342 355 212-15
1369 327 1476 353 eosdem
1503 334 1562 353 esse
1589 334 1621 353 ac
1668 356 1670 360 .

890 363 1033 389 Dioscuros
1057 363 1204 395 contendit,
1227 367 1319 388 contra
1338 369 1415 394 quem
1433 360 1558 387 Welcker
1576 360 1623 387 Gr.
1666 369 1669 394 j

891 397 978 422 Goett.
991 397 1001 421 I
1012 405 1036 429 p.
1047 399 1104 427 424,
1123 397 1231 422 Schultz
1251 396 1274 421 d.
1289 396 1518 428 Aktorionensage
1533 402 1621 428 progr.
1668 395 1670 403 '

891 430 1052 463 Hirschberg
1073 432 1134 457 1881
1157 438 1181 463 p.
1196 432 1212 456 8
1235 430 1375 463 disputant.
1412 428 1569 455 Accuratius
1588 428 1620 454 de
1665 450 1667 452 .

890 468 946 490 tota
964 465 1118 497 quaestione
1133 464 1302 497 Angermann
1320 463 1351 489 de
1370 467 1470 496 patron.
1487 462 1622 530 (111141Ϊᾶ
1668 471 1670 498 j

890 499 917 524 in
936 498 1007 525 Curt.
1027 499 1100 524 Stud.
1119 499 1131 523 Ι
1143 506 1158 523 3
1176 506 1199 531 p.
1215 499 1246 524 57
1266 500 1293 523 et
1310 497 1416 523 Schultz
1435 497 1451 522 l.
1469 497 1485 522 1.

892 535 1019 565 egerunt,
1046 532 1090 565 qui
1118 535 1228 565 uterque
1259 539 1354 557 nomen
1386 530 1622 564 appellativum

891 574 951 592 esse
974 567 1030 592 iure
1049 566 1152 592 docent.
1188 565 1262 591 Idem
1281 568 1419 591 senserunt
1437 570 1541 591 veteres
1559 572 1623 590 non-

891 600 957 626 nulli
975 607 1016 633 ap.
1036 600 1110 626 Eust.
1125 601 1175 626 882
1194 602 1224 626 21
1244 596 1276 625 τὸ
1295 598 1425 625 Μολίονε
1444 599 1505 624 κατ’
1525 596 1622 624 ἐπίθε-

892 643 938 660 σιν
965 630 1057 667 ἤγουν
1085 631 1256 663 ἐπιθετικῶς
1283 635 1413 666 νοοῦσιν,
1439 629 1486 658 ἵνα
1510 630 1527 674 ⁷2
1548 630 1623 663 λέξις
1666 631 1670 634 “

893 669 978 701 δηλοῖ
994 667 1062 698 τοὺς
1079 667 1223 700 μαχίμους
1238 667 1285 692 καὶ
1301 664 1476 699 ὁρμητικοὺς
1495 674 1528 691 ου
1544 663 1624 699 παρὰ
1666 674 1670 699 ¹.

892 702 943 728 τὸν
965 703 1073 742 μιῦλρν,
1097 701 1168 743 ἀλλὰ
1191 699 1270 741 rme&
1293 698 1399 742 17¹]v«t3’v
1420 699 1496 734 μάχῃ
1520 698 1624 732 μόλυν-

893 745 938 762 σιν
961 757 967 761 .
991 757 996 762 .

892 770 980 804 Apoll.
995 770 1074 803 Soph.
1094 770 1135 796 Ad
1154 770 1255 801 μολεῖν
1269 769 1349 795 etiam
1363 767 1464 794 Preller
1478 767 1523 794 Gr.
1537 768 1623 802 Myth.

892 805 919 831 in
941 804 982 830 ed.
1005 804 1085 829 tertia
1107 812 1130 836 p.
1151 805 1200 830 238
1220 806 1246 836 1,
1274 803 1336 829 Pott
1356 802 1435 828 Kuhn
1453 801 1554 827 Ztschr.
1575 801 1624 828 VII

892 847 918 872 p.
929 840 961 865 99
980 838 1014 864 ib.
1030 838 1067 863 IX
1081 846 1105 871 p.
1116 840 1174 870 202,
1192 837 1226 864 id.
1242 837 1371 863 Zeitschr.
1386 836 1402 862 f.
1419 835 1624 870 Voelkerpsych.

895 874 959 899 1882
973 872 1034 898 XIV
1050 880 1073 905 p.
1085 874 1117 898 20
1130 872 1174 905 qui
1189 871 1284 897 nubem
1298 871 1453 904 migrantem
1468 873 1563 896 natura
1581 877 1625 896 805
1667 867 1669 871 “

892 907 973 932 fuisse
993 906 1125 939 opinatur,
1145 905 1252 932 Schultz
1272 906 1288 931 l.
1303 905 1319 931 1.
1339 913 1363 938 p.
1378 906 1394 931 8
1412 903 1538 930 referunt.
1573 903 1626 930 Sed

893 941 1019 967 Welcker
1041 940 1078 965 kl.
1102 939 1178 967 Schr.
1201 940 1225 965 11
1252 947 1277 972 p.
1298 941 1346 966 102
1364 946 1384 965 s.
1414 937 1479 964 duos
1497 937 1626 964 Moliones

894 975 927 1001 ad
945 974 1140 1000 similitudinem
1163 973 1280 1007 lapidum
1302 972 1441 999 molarium
1460 978 1518 998 esse
1536 971 1627 1005 appel-

894 1009 964 1035 latos
984 1008 1073 1039 docet,
1101 1008 1170 1041 quod
1197 1008 1352 1040 impugnant
1370 1006 1400 1032 G.
1420 1006 1555 1031 Hermann
1583 1013 1625 1039 op.
1664 1030 1669 1034 ,,

893 1043 957 1069 VIII
972 1051 996 1076 p.
1008 1045 1049 1075 22,
1064 1042 1170 1068 Schultz
1184 1041 1200 1067 l.
1211 1041 1227 1067 l.
1243 1050 1267 1075 p.
1283 1044 1306 1074 7,
1321 1041 1366 1074 qui
1380 1040 1406 1066 in
1421 1040 1523 1066 Graeca
1535 1039 1626 1073 lingua

895 1084 997 1110 semper
1004 1085 1019 1101 υ
1029 1076 1146 1102 vocalem
1155 1075 1269 1101 molendi
1279 1073 1480 1108 stirpisvocibus
1489 1074 1626 1107 propriam
1663 1076 1666 1078 “

894 1118 951 1137 esse
975 1110 1059 1136 docet.
1099 1110 1197 1136 Tamen
1221 1110 1255 1135 ad
1277 1109 1332 1135 rad.
1356 1108 1411 1135 skr.
1429 1115 1486 1133 mar
1507 1115 1545 1140 gr.
1568 1108 1626 1139 μαλ

894 1145 937 1171 lat.
954 1145 1005 1171 mol
1020 1144 1036 1171 i.
1047 1151 1069 1170 e.
1093 1144 1248 1177 conterere‘⁷
1267 1143 1351 1176 ‚molis
1364 1142 1494 1175 frangere‘
1507 1141 1626 1168 referunt

895 1181 1064 1212 Angermann
1084 1165 1100 1204 I.
1120 1178 1135 1204 1.
1154 1186 1181 1211 p.
1195 1180 1236 1211 57,
1256 1176 1389 1203 Vanieeck
1402 1176 1480 1203 E.W.

895 1214 957 1239 Max
972 1213 1084 1238 Mueller
1098 1212 1237 1245 Vorlesgn.
1252 1211 1278 1237 II
1296 1219 1321 1245 p.
1336 1212 1385 1238 352
1404 1209 1448 1243 qui
1466 1209 1540 1236 nord.
1554 1209 1627 1236 10ἰὸ1-

895 1248 936 1273 nir
950 1247 965 1273 i.
976 1254 998 1273 e.
1013 1247 1132 1279 ,malleus
1152 1246 1193 1272 dei
1209 1246 1288 1271 Thor‘
1307 1245 1369 1271 slav.
1383 1243 1492 1276 molnija
1510 1243 1625 1277 ,fulmen‘

895 1285 1035 1313 comparat.

894 1315 1004 1341 millima
1026 1322 1082 1340 esse
1105 1314 1208 1340 videtur
1231 1314 1310 1339 etiam
1329 1320 1361 1338 ea
1378 1312 1410 1338 de
1429 1319 1534 1344 caussa,
1556 1311 1626 1345 quod

895 1350 992 1375 ceteris
1019 1348 1136 1374 eiusdem
1165 1348 1255 1381 stirpis
1282 1347 1388 1373 vocibus
1416 1345 1486 1379 apud
1513 1345 1626 1372 Graecos
1666 1343 1669 1378 ζ

895 1383 980 1409 vocali
999 1391 1014 1408 υ
1033 1383 1170 1408 utentibus
1188 1381 1266 1408 facile
1285 1381 1342 1407 fieri
1361 1381 1460 1414 potuit,
1479 1383 1509 1406 ut
1526 1380 1626 1413 origine

895 1418 1019 1450 neglecta
1040 1424 1134 1443 nomen
1153 1416 1288 1450 proprium
1306 1423 1336 1441 ac
1354 1418 1449 1448 patron
1468 1414 1556 1440 micon
1574 1414 1627 1440 exi·
1664 1411 1669 1445 ,’

895 1451 1055 1477 stimaretur.
1091 1454 1231 1484 praeterea
1250 1450 1283 1476 de
1305 1449 1377 1475 duali
1395 1448 1440 1480 qui
1487 1447 1538 1474 sibi
1565 1447 1627 1474 velit
1666 1473 1669 1484 ,

895 1494 918 1511 v.
938 1484 1134 1517 Wackernagel
1161 1484 1241 1510 Kuhn
1268 1483 1371 1509 Ztschr.
1394 1482 1509 1508 XXXIII
1527 1490 1551 1515 p.
1571 1484 1628 1515 307,
1665 1494 1670 1518 32

897 1519 929 1545 de
949 1529 957 1544 ι
977 1519 1062 1545 vocali
1080 1519 1160 1552 longa
1175 1519 1250 1544 Eust.
1266 1520 1315 1544 882
1334 1519 1374 1544 49.
1389 1531 1422 1535 —
1434 1516 1564 1542 Moliones
1578 1516 1627 1542 etsi
1664 1521 1668 1533 ⁴

895 1557 1005 1587 propter
1032 1553 1204 1579 Actorionum
1235 1559 1331 1578 nomen
1358 1551 1461 1577 Actoris
1492 1550 1540 1576 filii
1570 1557 1626 1576 8558
1664 1559 1666 1561 ·

895 1588 1040 1619 videantur,
1060 1590 1148 1613 tamen
1166 1586 1290 1620 Neptuno
1308 1588 1380 1611 ortos
1398 1591 1456 1610 esse
1473 1586 1554 1618 poeta
1575 1587 1627 1611 tra-

895 1621 941 1648 dit..
987 1622 1037 1654 Qui
1065 1629 1123 1646 cum
1155 1621 1225 1654 regis
1249 1620 1352 1652 Augiae
1378 1618 1459 1652 socii,
1487 1618 1626 1644 admodum

896 1655 1087 1682 adulescentuli
1106 1662 1193 1688 neque
1207 1654 1269 1680 belli
1288 1654 1339 1679 iam
1353 1652 1440 1686 periti,
1458 1652 1528 1686 apud
1543 1652 1626 1687 Thry-

896 1697 1012 1721 08553111,
1040 1689 1164 1723 oppidum
1189 1688 1222 1714 ad
1245 1688 1377 1721 Alpheum
1403 1687 1495 1720 situm,
1518 1694 1578 1713 cum
1595 1693 1626 1713 eo
1678 1715 1679 1718 ¹

896 1724 1029 1756 congressi
1048 1726 1151 1756 essent,
1174 1723 1270 1748 Nestor
1293 1729 1321 1748 se
1343 1724 1528 1754 superaturum
1547 1719 1628 1747 fuisse

896 1758 1042 1791 praedicat,
1067 1757 1116 1783 nisi
1136 1764 1152 1782 3
1170 1757 1295 1790 Neptuno
1319 1758 1396 1789 patre
1419 1754 1489 1781 nube
1512 1753 1627 1781 obvoluti

895 1793 922 1818 in
941 1800 1019 1818 auras
1043 1791 1147 1824 abrepti
1167 1794 1255 1817 essent
1272 1790 1297 1815 Λ
1318 1791 1367 1816 709
1389 1791 1441 1816 750
1459 1797 1479 1816 s.
1516 1788 1568 1815 Sed
1585 1788 1627 1814 iis-

895 1826 962 1859 dem,
981 1825 1052 1858 quod
1067 1834 1125 1851 cum
1141 1825 1192 1851 duo
1207 1824 1335 1857 (δίδυμοι
1351 1820 1429 1856 ἔσαν)
1443 1826 1541 1856 essent,
1560 1822 1627 1849 alter

895 1861 1011 1886 habenas
1034 1863 1150 1892 teneret,
1172 1859 1241 1885 alter
1264 1865 1346 1891 equos
1371 1856 1474 1890 flagello
1498 1857 1626 1890 incitaret,

895 1895 922 1920 in
941 1894 1008 1920 ludis
1023 1893 1177 1919 funebribus
1196 1893 1229 1919 ad
1245 1891 1404 1926 Amaryncei
1421 1891 1545 1917 honorem
1559 1890 1627 1916 cele-

896 1929 980 1954 bratis
1003 1936 1081 1954 curru
1104 1935 1132 1953 se
1155 1927 1305 1953 inferiorem
1331 1925 1481 1952 discessisse
1502 1925 1588 1952 Ψ638
1605 1931 1625 1951 s,

895 1966 994 1988 narrat.
1027 1966 1106 1995 atque
1132 1964 1213 1995 poeta
1234 1968 1324 1987 vocem
1348 1959 1463 1992 δίδυμοι
1490 1959 1568 1985 aliam
1589 1958 1627 1984 iu·
1660 1965 1664 1975 ¹

895 1996 1029 2022 tellexisse
1057 2004 1110 2021 non
1138 1995 1251 2028 videtur,
1278 1995 1329 2020 nisi
1355 1997 1385 2020 ut
1411 1993 1476 2019 duos
1499 2000 1544 2019 eos
1570 1999 1626 2018 8558

896 2030 1003 2056 diceret.
1032 2030 1064 2056 cf.
1081 2029 1189 2055 Schultz
1204 2030 1220 2055 l.
1237 2029 1244 2054 l
1267 2037 1292 2062 p.
1307 2031 1331 2061 4,
1350 2028 1471 2060 Hartung
1485 2027 1529 2053 Gr.
1543 2025 1624 2059 Myth.

896 2065 921 2090 II
940 2073 965 2097 p.
984 2067 1042 2091 221.
1077 2063 1241 2089 Posteriores
1258 2066 1346 2089 autem
1365 2061 1472 2094 fabulis,
1491 2068 1559 2094 quae
1576 2060 1627 2086 sin-

896 2099 965 2130 gulis
991 2098 1055 2123 locis
1074 2098 1226 2123 ferebantur
1248 2101 1275 2123 et
1297 2097 1436 2130 Geryonae
1458 2094 1626 2121 similitudine

895 2133 1002 2158 adducti
1017 2139 1074 2157 esse
1089 2132 1218 2163 videntur,
1231 2134 1261 2157 nt
1275 2130 1353 2156 aliam
1368 2129 1408 2155 illi
1422 2129 1480 2155 voci
1494 2128 1626 2155 notionem

896 2166 1050 2198 subderent,
1077 2166 1109 2191 cf.
1128 2166 1210 2191 schol.
1229 2166 1253 2191 A
1276 2165 1308 2191 ad
1333 2164 1360 2189 Ψ
1375 2165 1425 2191 638
1447 2161 1626 2196 Ἀρίσταρχος

897 2199 929 2226 δὲ
954 2200 1092 2231 διδύμους
1117 2197 1217 2225 fixos-a
1242 2197 1294 2232 οἰχ
1313 2194 1410 2233 ,οὕτω-ς
1433 2195 1472 2228 ὥς
1496 2193 1576 2230 ἡμεῖς
1597 2193 1627 2222 ἐν

896 2237 933 2268 τῇ
959 2233 1100 2267 συνηθειά
1131 2236 1266 2265 νοοῦμεν,
1294 2234 1353 2258 οἷοι
1385 2234 1458 2258 γ’σαν
1485 2230 1533 2256 καὶ
1559 2228 1626 2259 Διὸς
1679 2246 1681 2250 -

896 2270 1013 2301 κοῦροι,
1038 2262 1110 2293 ἀλλὰ
1129 2266 1197 2297 τοὺς
1218 2268 1344 2299 διφυεῖς,
1369 2268 1420 2292 δυο
1441 2261 1556 2298 ἔχοντας
1574 2261 1626 2303 σοι’-

896 2311 984 2335 ματα,
1012 2300 1132 2336 Ἡσιόδῳ
1156 2299 1277 2335 μάρτυρι
1299 2299 1463 2334 χρώμενος,
1490 2299 1538 2324 καὶ
1560 2304 1627 2327 τους

896 2335 1120 2369 συμπεφυκότας
1139 2332 1276 2368 ἀλλήλοις
1294 2335 1352 2361 κτλ.
1373 2339 1399 2361 et
1417 2331 1581 2365 Pherecydes
1599 2331 1626 2357 in

896 2371 976 2397 schol.
989 2372 1011 2396 A
1029 2370 1062 2396 ad
1082 2372 1106 2395 Λ
1121 2371 1171 2396 709
1190 2370 1270 2396 οὑτοι
1286 2365 1526 2403 παρηλλαγμένην
1541 2363 1626 2406 φύσιν
1661 2372 1663 2376 ’

895 2407 954 2430 τιῦν
981 2405 1090 2429 λοιπῶν
1118 2401 1204 2436 ἔσχον
1232 2401 1409 2436 ἀνθρώπων·
1438 2402 1548 2434 διφυεῖς
1570 2406 1624 2432 γαρ

896 2434 978 2472 ἦσαν,
1002 2435 1114 2471 ἔχοντες
1138 2435 1305 2471 ἑκάτερος
1329 2436 1380 2463 δύο
1404 2432 1546 2469 κεφαλὰς,
1568 2431 1628 2473 ’τέσ-
1659 2450 1663 2468 5

897 2481 987 2505 σαρας
1015 2471 1045 2498 δὲ
1070 2474 1171 2505 χεῖρας
1193 2469 1242 2497 καὶ
1269 2471 1362 2501 πόδας
1383 2467 1450 2500 τοὺς
1477 2465 1568 2501 ἴσους,
1597 2463 1626 2492 ἓν
1661 2479 1663 2481 -

898 2505 929 2533 δὲ
957 2509 1039 2538 σῶμα
1066 2507 1124 2532 κτλ.
1165 2505 1197 2532 cf.
1222 2505 1296 2531 Eust.
1315 2507 1366 2532 882
1384 2507 1428 2534 26,
1455 2502 1556 2529 Preller
1583 2500 1626 2526 er.

896 2541 993 2575 Myth.¹
1016 2540 1041 2566 11
1059 2548 1084 2573 p.
1105 2541 1160 2566 164.
1197 2540 1238 2565 De
1261 2547 1352 2565 eorum
1379 2541 1472 2565 natura
1497 2538 1524 2562 et
1550 2534 1626 2561 rebus

896 2574 976 2608 gestis
995 2574 1028 2600 cf.
1043 2574 1150 2600 Schultz
1169 2573 1184 2599 l.
1201 2574 1216 2599 l.
1235 2581 1260 2606 p.
1275 2574 1291 2599 4
1306 2581 1326 2599 5.
1346 2574 1377 2600 15
1393 2580 1412 2599 s.

1025 746 1040 769 η
1068 744 1147 768 παρα
1173 744 1205 761 το
1233 733 1315 767 μόλω
1344 734 1421 767 ρῆμα
1447 734 1480 761 cf.
1499 734 1623 768 Hesych.,
1667 750 1670 754 -

1498 1184 1522 1209 p.
1538 1177 1586 1202 703
1598 1183 1628 1210 5.,
1666 1175 1671 1191 ⁵

1073 1280 1147 1313 Quae
1166 1280 1294 1306 derivatio
1317 1278 1381 1305 mihi
1399 1278 1503 1312 quidem
1522 1278 1577 1304 veri
1594 1278 1626 1304 si-
1664 1298 1666 1304 .
