1684 2778
153 129 232 159 1078

152 219 177 243 p.
192 213 233 243 41,
251 210 345 236 Funck
362 210 395 236 de
417 218 507 243 praep.
526 207 598 240 μετὰ
620 208 646 233 in
666 208 737 233 Curt.
757 207 830 233 Stud.
849 207 887 232 IX

148 252 172 277 p.
196 246 261 275 146.)
285 244 379 270 inanis.
415 244 436 269 Δ
451 246 500 270 363
524 241 694 273 μεταμώνια
717 242 798 266 θεῖεν
816 241 887 266 Am.-

151 279 210 311 He.,
228 280 247 311 β
265 280 297 305 98
316 278 395 304 schol.
415 278 435 303 P
454 277 479 302 in
499 277 556 301 lem.
575 272 737 306 μεταμάνια
760 283 775 299 τ
796 277 843 301 143
863 284 885 299 ω

152 314 200 338 133
223 309 389 344 μεταμώνια
414 309 515 343 νήματ’
540 307 638 341 ὄληται
662 308 688 333 111
711 308 793 334 schol.
813 308 830 334 S
852 308 886 334 ad

151 347 172 379 β
189 348 221 372 98
245 346 312 379 expl.
331 344 370 378 μή
391 343 451 374 πώς
469 352 518 375 μοι
540 340 712 375 ἠμελημένα,
732 349 748 367 σ
767 344 815 368 331
835 343 884 369 392

153 377 320 411 μεταμώνια
339 377 437 413 βάζεις
456 377 536 403 schol.
557 376 578 408 Q
596 375 673 401 Vind.
694 377 741 402 133
761 376 794 401 ad
813 384 853 409 pr.
868 376 884 401 1.

150 412 323 439 α’θετοῦνται
347 415 424 445 τρεῖς
448 408 486 440 ὥς
509 408 541 435 ἐκ
565 412 623 435 τῶν
646 408 713 442 ἑξῆς
735 410 885 441 μετατιθέ-

148 456 240 480 μενοι,
259 456 281 472 v.
296 456 317 472 v.
341 455 357 471 σ
372 447 487 472 300-92
502 444 635 469 asteriscis
649 444 739 469 notati.
768 445 797 469 In
811 445 885 470 libris

147 482 303 514 plerumque
313 477 479 512 μεταμώλια
490 478 657 504 scribitur.—
664 478 814 504 Collocatur
825 481 885 512 post

148 523 285 541 caesuram
295 517 340 539 aut
351 512 578 546 penthemimeren
589 514 635 537 aut
649 512 883 544 hepthemimeren.

185 546 434 581 μετα-ναιετάω.
459 546 549 571 habito
568 545 646 571 inter.
665 545 689 571 h.
706 546 806 572 Cer.87
823 549 885 575 τοῖς

148 579 349 622 μετιιναιετάει
366 581 403 606 ita
417 584 479 613 post
493 580 621 612 ngenium
636 579 758 606 editores.
787 580 844 606 cod.
855 581 884 605 M

146 625 217 648 μετα
233 616 277 640 ναὶ
298 623 366 640 εται.

180 647 402 682 μετ-ανάστης
420 647 459 679 (Ε.
475 647 511 672 M.
527 648 584 679 581,
595 648 627 673 43
647 644 662 672 ὁ
682 645 818 678 μέτοικος
835 647 883 673 καὶ

148 682 255 717 φυγάς·
271 681 302 708 ἐκ
318 685 368 715 τῆς
383 681 456 713 μετὰ
470 679 641 713 προθέσεως
654 681 703 706 καὶ
718 684 771 706 τοῦ
785 680 883 707 νάσσω

148 718 181 742 τὺ
194 716 266 742 eima
276 716 308 742 cf.
318 716 393 742 Eust.
406 717 526 748 1047,14,
536 715 694 741 Doederlein
706 715 746 742 GI.
758 715 884 748 Nr.‘2233‚

148 751 238 776 Fedde
257 751 390 776 Wortzus.
410 750 421 775 Ι
439 757 465 782 p.
480 751 521 782 30,
540 749 656 774 Leskien
674 749 701 774 in
720 749 791 775 Curt.
810 750 883 776 stud.

147 786 171 810 H
188 785 252 817 871),
271 784 387 816 Scbaper
401 791 499 816 genera
518 790 601 815 comp.
616 791 642 816 p.
653 784 692 816 13,
712 783 797 809 Cobet
810 784 883 810 misc.

147 819 204 845 crit.
224 827 248 851 p.
263 821 322 849 205,
342 818 375 844 id.
391 817 487 843 Mnem.
503 816 572 842 N.F.
591 817 614 842 V
633 825 657 850 p.
674 819 719 846 66.
740 817 833 843 Funck
852 818 884 843 de

150 861 240 886 praep.
260 850 332 884 μετὰ
350 852 376 877 in
396 852 467 877 Curt.
487 850 561 876 Stud.
580 850 617 876 IX
631 859 656 884 p.
673 852 739 883 134.)
768 852 885 884 peregri-

149 895 207 918 nus,
227 886 272 919 qui
291 894 349 911 cum
368 885 427 911 aliis
446 885 473 910 in
492 885 568 911 domo
586 885 674 910 aliena
693 885 804 917 habitat,
823 893 884 911 nos:

149 920 296 953 ‚Boisassefi
319 921 331 945 I
340 921 390 946 648
401 916 538 952 ἀτίμητον
551 916 742 952 μετανάστην,
756 919 781 944 Π
791 921 823 946 58
834 919 885 952 τὴν

145 954 178 979 ἐκ
203 956 310 986 χειρῶν
333 950 414 979 ἕλετο
438 952 545 986 κρείων
566 951 748 986 Ἀγαμέμνων
770 954 774 987 l
795 973 800 978 .
821 974 825 979 .
846 950 886 983 οἷς

147 986 177 1013 εἷ’
191 989 247 1013 τινΥ
272 987 411 1020 ιίτίμητον
433 984 613 1020 μετανάστην
631 987 734 1021 Didym.
758 987 785 1013 in
803 988 884 1013 schol.

146 1023 192 1047 BL
207 1019 222 1047 ὁ
238 1020 292 1053 μὲν
307 1019 489 1054 Ἀρίσταρχος
503 1019 608 1054 γράφει
624 1019 804 1054 μεταναστήν
817 1023 886 1053 (sic!)

149 1057 197 1081 καὶ
215 1056 290 1088 πρὸς
307 1055 359 1088 τὴν
375 1053 520 1088 Βρισηΐδα
539 1052 651 1081 ἀκούει“
671 1052 686 1080 ὁ
703 1053 734 1080 δὲ
748 1053 885 1088 Ἡρῳδια-

146 1089 196 1120 νύς
216 1088 378 1123 αἰτιατικὴν
397 1089 461 1114 ἀντὶ
479 1091 594 1128 γενικῆς
613 1097 715 1122 φησιν,
737 1086 778 1114 ἵν’
799 1090 826 1123 ᾐ,
847 1085 885 1120 ὠς

149 1122 182 1149 ἐκ
195 1123 293 1156 χειρὸς
308 1122 448 1156 ἀτιμήτου
463 1131 643 1155 μεταναστου
654 1121 800 1156 ἀφείλετο.
816 1132 884 1157 quae

146 1166 199 1183 non
226 1162 298 1184 recte
325 1165 352 1184 se
383 1157 484 1184 habent
510 1157 543 1183 cf.
569 1157 605 1183 M.
634 1157 754 1183 Schmidt
780 1158 882 1192 Didym.

144 1200 169 1225 p.
192 1194 239 1218 158
262 1195 289 1218 et
314 1192 398 1218 Cobet
420 1192 493 1217 misc.
517 1191 574 1218 crit.
598 1200 622 1224 p.
641 1192 699 1218 436.
723 1192 837 1218 Ariston.
857 1192 884 1218 in

145 1226 224 1251 schol.
239 1227 264 1252 Α
284 1223 299 1258 ἡ
318 1222 376 1252 15.‘0'.
397 1223 459 1251 ἀντὶ
478 1228 529 1250 τοῦ
545 1223 685 1256 οἶτιμήτου
703 1224 883 1257 μετανιὲστου

146 1259 186 1290 οἷς
209 1259 241 1285 τὸ
267 1258 330 1286 ἐπεί
352 1260 385 1291 μ’
410 1258 557 1292 ἀφέλεσθε
580 1259 645 1284 ἀντὶ
671 1261 724 1285 τοῦ
751 1257 823 1291 ἐμοῦ
850 1260 882 1285 cf.

146 1294 337 1320 Friedlaender
356 1295 402 1319 Ar.
421 1302 445 1326 p.
465 1296 505 1320 21.
524 1302 547 1319 v.
563 1293 578 1318 l.
594 1293 699 1326 Didym.
718 1293 745 1319 in
765 1293 843 1319 schol.
860 1294 883 1319 V

142 1329 175 1354 ad
199 1329 215 1353 1,
238 1328 255 1354 1,
282 1325 313 1353 ἐν
334 1330 368 1361 τῇ
392 1328 621 1360 Μασσαλιωτικῇ
648 1328 696 1352 καὶ
719 1330 755 1360 τῇ
774 1324 884 1353 Ῥιανοῦ

143 1364 333 1392 μεταναστεῖν
348 1362 397 1387 καὶ
412 1359 553 1387 ἀκούουσι
568 1359 619 1395 τὴν
630 1360 781 1394 Βρισηΐδα.
802 1365 881 1394 atque

145 1396 266 1428 Muyhoff
281 1396 313 1422 de
328 1396 424 1421 Rhiani
443 1395 511 1421 stud.
526 1396 594 1421 hom.
609 1403 633 1428 p.
649 1397 681 1421 39
694 1398 883 1427 μεταναστεῖν

145 1439 193 1461 por
203 1437 321 1456 errorem
331 1437 379 1463 pro
393 1426 574 1462 μεταναστὴν
583 1430 711 1462 scriptum
726 1437 784 1455 esse
798 1432 882 1463 putat,

144 1463 239 1489 Nauck
258 1464 292 1490 ad
311 1464 327 1489 l.
346 1464 363 1489 l.
382 1464 456 1489 11111111
479 1462 654 1494 μετανάστιν
676 1463 772 1496 legisse
794 1464 883 1489 existi-

143 1502 205 1524 mat.
226 1513 257 1516 —
275 1497 325 1524 Est
344 1501 433 1524 autem
446 1494 625 1530 μετανάστης
639 1497 718 1530 idem,
733 1497 777 1530 qui
791 1501 883 1531 postea

144 1531 287 1565 μέτοικος,
301 1532 371 1565 apud
380 1539 428 1557 nos
443 1532 582 1564 ,Beisasse‘
596 1531 754 1564 nominatur,
770 1531 883 1564 quicum

143 1574 176 1591 ex
195 1566 282 1591 aliena
300 1569 374 1592 terra
401 1566 428 1591 in
450 1565 542 1591 urbem
564 1565 753 1598 immigrasset,
776 1566 883 1591 civitate

146 1598 307 1633 (ἀτίμητος)
324 1599 433 1626 carebat
449 1606 537 1632 neque
557 1599 590 1625 ab
609 1599 712 1625 iniuriis
730 1602 803 1626 tutus
816 1602 881 1626 erat.

143 1635 176 1668 cf.
197 1634 278 1660 schol.
296 1634 343 1659 BL
362 1633 395 1660 ad
414 1633 487 1660 H59
506 1630 630 1659 ἐδόκουν
658 1631 689 1658 δὲ
713 1629 881 1667 ἅτιμότεροι

143 1671 216 1693 εἰναι
241 1666 270 1693 οὶ
294 1666 426 1700 μέτοικοι
451 1663 490 1697 ὡς
515 1665 562 1693 διὰ
580 1667 746 1700 μοχθηρίαν
764 1666 882 1700 τρόπων

142 1700 192 1731 τὰς
212 1701 288 1732 ἰδίας
304 1700 407 1732 ἐιῦντες
422 1701 455 1727 cf.
470 1701 553 1728 schol.
562 1701 594 1733 V,
608 1701 683 1727 Eust.
700 1702 747 1728 781
761 1704 799 1733 17,
816 1703 881 1728 1045

142 1738 188 1769 62,
216 1736 383 1762 Riedenauer
405 1735 555 1761 Handwerk
582 1736 609 1761 in
628 1735 679 1761 den
701 1736 769 1761 hom.
788 1735 881 1761 Zeiten

144 1778 168 1802 p.
189 1772 220 1796 23
232 1777 251 1796 s.
267 1770 431 1796 Schoemann
450 1778 488 1803 gr.
503 1770 556 1796 Alt.
576 1770 601 1795 11
621 1771 652 1796 18
663 1777 682 1796 s.
707 1770 776 1802 142,
796 1770 881 1796 Buch-

143 1804 201 1829 holz
222 1805 289 1831 hom.
308 1804 381 1830 Real.
400 1804 425 1829 II
445 1807 458 1830 1
478 1812 503 1837 p.
522 1806 555 1830 60
566 1811 586 1830 S.

179 1837 386 1872 Μετ·άνειριι,
402 1838 472 1864 Celei
486 1845 562 1869 uxor,
580 1837 773 1871 Demophontis
786 1840 879 1863 mater.

141 1873 166 1897 11.
187 1874 244 1898 Cer.
264 1874 314 1899 206
332 1871 512 1904 Μετάνειρα,
537 1874 583 1899 161
606 1871 692 1905 μητρὶ
715 1867 878 1906 βαθυζώνῳ

142 1906 323 1940 Μετανείρῃ,
355 1908 404 1933 233
427 1906 551 1931 Κελεοῖο
582 1903 741 1939 δαΐφρονος
769 1902 878 1938 α’γλαὸν

144 1938 214 1972 rior,
236 1939 239 1973 Ι
259 1937 460 1973 Δημοφόωνθ’,
482 1934 514 1965 ὃν
532 1936 625 1965 ἔτικτε
644 1936 770 1972 ἐΰζωνος
785 1938 879 1965 Μετά-

142 1982 223 2005 νειρα
250 1974 283 2000 cf.
310 1977 360 2001 240
388 1976 437 2001 255
465 1971 593 2006 ἐύζωνον
615 1972 810 2006 Μετάνειραν.
845 1973 879 1999 de

140 2007 298 2034 formatione
317 2012 343 2034 et
361 2008 467 2035 notione
485 2017 508 2033 v.
524 2008 595 2034 Stolz
612 2008 786 2041 Zus.setzung
800 2016 826 2041 p.
836 2010 877 2040 43,

141 2042 269 2068 Bensoler
286 2042 412 2075 Eigenu.²³
430 2050 449 2068 s.
469 2051 492 2067 v.

175 2076 434 2109 μεττε-νὶσσομαι
452 2075 537 2108 (Eust.
557 2078 623 2103 1615
642 2078 674 2103 35
693 2074 726 2102 τὸ
747 2074 778 2102 δὲ
796 2083 877 2107 μετε-

140 2118 250 2135 νεισετο
270 2111 338 2142 (sic!)
357 2109 420 2136 ἀντὶ
434 2112 487 2136 τοῦ
502 2108 658 2143 ἐπορεύθη,
672 2111 808 2143 μετῆλθε,
829 2109 876 2135 διὰ

143 2141 308 2177 διφθόγγου
327 2141 490 2178 γράφουσιν
505 2143 534 2170 οὶ
548 2142 676 2177 παλαιοί,
696 2141 735 2174 ὡς
750 2141 805 2170 ἀπὸ
825 2146 878 2169 τοῦ

143 2176 198 2203 νέω
218 2180 286 2217 reia}
305 2178 392 2204 νείσω
407 2199 413 2205 .
429 2200 435 2205 .
446 2176 475 2204 οὶ
491 2177 523 2204 δὲ
541 2175 663 2211 ὕστερον
678 2177 708 2204 ἐν
726 2180 767 2213 τῷ
783 2188 791 2203 ι
810 2175 878 2212 γρά-

142 2220 248 2244 ᾳουσιν
265 2220 304 2242 ως
323 2211 379 2238 ἀπὸ
397 2214 451 2238 τοῦ
468 2215 510 2238 ναΐ
532 2213 622 2238 νίσσω
644 2209 718 2244 μετὰ
740 2214 797 2238 τῶν
823 2211 875 2238 δύο

141 2253 185 2270 σσ.
209 2240 248 2275 ὠς
272 2245 326 2280 γὰρ
351 2243 441 2279 ἤθεον
468 2244 552 2272 αὐτοὶ
579 2244 633 2279 οὐχ
660 2243 797 2278 ἑπόμενοι
815 2249 877 2276 τοῖς

142 2280 284 2310 παλαιοῖς.
307 2284 401 2306 contra
418 2280 494 2307 Eust.
513 2280 658 2315 disputavit
676 2280 715 2306 La
733 2280 824 2307 Roche
842 2281 876 2307 H.

142 2313 218 2339 Text.
232 2321 257 2346 p.
269 2316 318 2340 316
329 2321 349 2340 s.
368 2314 555 2346 μετενίσσετο
571 2315 693 2345 tutatus.)
709 2314 799 2347 aliquo
817 2322 876 2341 con-

142 2347 212 2373 cedo.
233 2347 265 2373 cf.
280 2348 370 2373 Heinr.
385 2348 502 2374 Schmidt
516 2349 577 2381 Syn.
593 2348 615 2374 d.
630 2357 668 2382 gr.
684 2348 742 2381 Spr.
756 2349 768 2374 1
783 2357 808 2381 p.
818 2350 876 2381 504,

139 2381 234 2406 Funck
258 2381 291 2407 de
314 2389 404 2415 praep.
428 2380 499 2413 μετὰ
523 2383 549 2408 111
573 2383 644 2409 Curt.
670 2382 742 2409 stud.
762 2383 799 2408 IX
820 2384 875 2408 149.

140 2414 222 2441 11779
235 2413 328 2447 ἠέλιος
338 2416 529 2447 μετενίσσετο
539 2414 681 2450 βουλυτὸν
689 2415 771 2450 ds',ita
777 2416 876 2442 AEHL

140 2448 247 2474 Bai-occ.
269 2449 323 2482 alii,
340 2450 520 2481 μετενείσετο
543 2451 593 2476 DG
607 2451 690 2484 Harl,
709 2450 874 2481 μετενίσετο

141 2483 161 2508 C
172 2482 273 2508 Townl.
288 2483 379 2509 eadem
391 2484 472 2510 verba
485 2485 608 2517 leguntur
622 2494 631 2509 ι
645 2486 678 2511 58
693 2485 875 2516 11111μετενισ-

141 2524 207 2542 σετο
232 2519 259 2542 et
280 2524 460 2548 μετενεισετο
479 2518 507 2544 111
530 2519 567 2550 Ε,
590 2517 775 2550 μετενίσσετο
795 2526 875 2551 supra

141 2550 241 2583 scripto
260 2559 283 2576 ει
304 2550 332 2581 Ο,
350 2551 515 2582 μετενίσετο
539 2552 575 2586 Κ,
598 2553 786 2584 μετενίσσατο
806 2553 832 2578 111
851 2552 873 2578 L

141 2584 253 2618 duobus,
270 2585 296 2611 in
312 2584 335 2610 D
350 2592 401 2611 uno
416 2586 500 2618 sigma
514 2593 676 2621 expressum,
691 2587 715 2613 H
729 2587 810 2613 habet
824 2594 872 2622 pro

636 122 863 165 μεταναιετάω
886 140 923 144 -
947 127 1155 166 μεταπρέπω

915 216 922 230 ι
938 214 993 233 voc.
1005 216 1067 234 v.—
1078 207 1110 233 de
1120 211 1232 241 utroque
1247 208 1302 234 loco
1312 216 1334 234 v.
1345 208 1466 234 Am.-He.
1477 208 1510 233 ad
1521 208 1549 234 11.
1560 211 1585 234 et
1595 208 1641 234 Od.
1679 204 1682 230 ἶ

913 239 929 264 l.
940 240 956 265 l.
969 256 1000 259 —
1011 241 1161 274 Stephanus
1175 242 1202 267 in
1215 242 1283 268 thes.
1293 241 1317 267 V
1327 243 1377 267 879
1391 242 1515 275 explicat:
1535 245 1642 273 ,mutato
1680 264 1681 269 .

917 274 977 300 loco
1001 274 1074 300 vado’
1097 275 1149 301 alia
1165 283 1255 308 praep.
1276 276 1466 308 significatione
1485 275 1608 301 adhibita.

945 308 1070 342 μεταξύ
1092 310 1134 340 (ex
1155 309 1227 340 μετὰ
1254 314 1281 335 et
1308 308 1359 339 ξῦν
1386 309 1561 342 compositum
1586 317 1643 336 esse
1678 327 1679 330 =

912 342 1029 368 iudicant
1049 343 1152 369 Curtius
1173 343 1264 369 Grdz.⁴
1288 352 1313 375 p.
1332 345 1391 375 203,
1410 341 1543 369 Vaniheck
1557 343 1589 369 E.
1600 343 1642 370 W.

912 378 970 408 973,
985 377 1048 402 Pott
1062 376 1093 402 E.
1104 376 1211 404 Forsch.
1227 378 1250 403 1¹²
1266 379 1314 403 296
1329 379 1386 409 758,
1401 377 1518 403 Gerland
1528 377 1554 403 in
1563 377 1642 403 Kuhn
1678 377 1681 401 ἶἸ

912 410 1014 437 Ztschr.
1029 410 1066 436 IX
1085 412 1125 444 65,
1145 415 1237 437 contra
1255 411 1367 436 Ebelum
1387 411 1533 444 disputans,
1552 411 1597 444 qui
1609 411 1643 437 ib.
1678 410 1680 415 ’

911 444 949 470 IV
967 452 992 477 p.
1007 446 1057 471 207
1075 452 1133 470 cum
1153 444 1261 475 μεταξὺ
1276 445 1417 470 locativum
1431 453 1490 471 esse
1504 445 1643 478 existimet,
1678 443 1679 451 ¹

912 479 947 511 ,in
966 478 1016 504 den
1034 480 1213 511 gemessenen‘
1232 480 1247 505 i.
1264 486 1285 504 e.
1305 479 1389 511 ,inter‘
1408 479 1530 512 explicat,
1551 478 1643 504 Fuuck

912 512 945 538 de
967 520 1057 545 praep.
1080 510 1152 543 μετὰ
1174 512 1200 537 111
1220 513 1292 538 Curt.
1311 512 1383 538 stud.
1402 513 1438 538 IX
1460 521 1484 546 p.
1506 514 1553 539 143
1571 520 1590 538 S.
1617 515 1644 539 at

911 546 1074 572 Doederlein
1093 546 1133 572 Gl.
1153 546 1200 572 Nr.
1219 549 1286 573 2406
1304 554 1320 571 a
1338 544 1409 577 μετὰ
1428 550 1454 572 et
1472 546 1526 572 rad.
1542 545 1578 578 ἀγ
1597 543 1644 579 ἆγ-

913 589 976 611 νυμι
988 580 1129 606 derivat.—
1137 579 1207 606 Suid.
1215 580 1328 614 Hesth.
1337 576 1390 606 α’νὰ
1401 580 1472 612 μέσο
1478 589 1491 605 ν
1497 580 1645 613 explicant.)

911 614 938 639 in
961 614 1054 640 medio.
1095 615 1117 639 A
1135 617 1182 641 156
1206 612 1269 640 ἐπεὶ
1293 614 1309 647 ἠ
1327 612 1404 646 μάλα
1423 613 1516 640 πολλὰ
1539 613 1645 646 μεταξὺ

914 649 917 680 Ι
939 644 1026 680 οὔρεά
1041 656 1072 674 τε
1087 646 1223 673 σκιόεντα
1236 646 1370 674 θάλασσά
1389 656 1419 674 τε
1439 645 1566 682 ἠχήεσσα
1585 655 1644 681 pro-

911 682 995 707 verbii
1012 682 1072 708 loco
1090 685 1131 708 est
1149 682 1181 709 cf.
1195 682 1402 708 Ameis-Hentze
1420 682 1447 708 in
1466 689 1526 716 app.
1545 682 1580 707 ad
1597 681 1614 708 l.
1627 681 1643 708 l.
1674 686 1676 693 ’

912 719 939 742 et
957 715 1038 741 Aulin
1061 716 1093 742 de
1116 723 1166 742 usu
1189 723 1296 749 epexeg.
1315 724 1339 750 p.
1355 718 1379 743 S.
1419 714 1526 748 μεταξὺ
1549 715 1644 749 legitur

911 754 939 776 et
965 750 992 775 in
1018 750 1138 776 omnibus
1165 750 1239 776 libris
1262 754 1289 776 et
1311 751 1338 775 in
1356 750 1436 777 schol.
1456 750 1515 776 Vat-
1539 750 1574 776 ad
1592 750 1608 776 l.
1626 749 1643 776 1.

912 792 955 817 ap.
979 784 1118 818 Matranga
1161 806 1166 811 .
1190 786 1251 811 402:
1281 779 1296 809 ὁ
1322 782 1354 809 δὲ
1377 782 1477 818 λόγος·
1505 781 1644 810 οὐδέποτε

912 816 1055 850 ἦδίκησοῖν
1072 827 1108 850 με
1128 827 1156 844 οι
1179 819 1288 851 Τρῶες,
1307 815 1405 850 ἐπειδὴ
1425 815 1532 849 μεταξὺ
1552 816 1645 850 Φθίης

911 851 960 876 καὶ
980 852 1205 885 Πελοποννήσου
1229 850 1320 877 πολλὰ
1339 853 1397 878 κτλ.
1421 853 1454 879 cf.
1478 852 1560 878 schol.
1582 851 1643 877 min.

911 893 952 918 ap.
976 886 1056 912 Barn.
1078 884 1199 918 μεταξύ
1228 883 1281 911 ἀνὰ
1303 884 1402 917 μέσον.
1438 886 1520 912 schol.
1539 885 1584 911 BL
1611 885 1644 911 ad

912 920 936 945 E
952 921 1011 952 479,
1031 920 1054 946 V
1072 921 1104 946 ad
1124 922 1139 946 Ι
1155 922 1213 953 363,
1236 920 1285 946 AV
1307 919 1341 945 ad
1362 920 1385 945 T
1401 922 1458 953 218,
1477 920 1544 946 Plut.
1563 926 1644 959 symp.

999 954 1046 980 sed
1060 955 1167 980 Bekker
1184 955 1212 980 in
1230 954 1270 979 ed.
1285 954 1369 980 altera
1383 954 1495 980 coniecit
1510 961 1644 987 μεσηγυς,

1488 995 1513 1021 p.
1525 990 1582 1014 212.
1602 987 1644 1013 cui

911 962 932 979 c.
948 956 970 980 5.

912 988 945 1013 de
964 996 1015 1020 quo
1034 989 1182 1014 accuratius
1197 989 1252 1021 egit
1271 988 1298 1013 in
1315 988 1384 1014 hom.
1402 988 1468 1014 Bl.I

911 1021 1007 1047 Nauck
1030 1023 1092 1048 Mel.
1116 1022 1293 1049 Greco-Rcm
1320 1022 1356 1047 IV
1379 1030 1404 1054 p.
1425 1023 1472 1049 129
1490 1029 1510 1048 s.
1534 1021 1644 1048 accedit.
1669 1051 1672 1055 ‚

911 1060 1004 1082 contra
1030 1056 1230 1089 disputaverunt
1253 1055 1443 1082 Friedlaender
1464 1056 1490 1081 iu
1512 1055 1568 1081 Ind.
1586 1055 1643 1082 lect.

911 1090 1028 1123 Regiom.
1042 1092 1107 1117 1859
1121 1099 1145 1123 p.
1156 1092 1179 1121 3.
1194 1090 1295 1123 Kayser
1309 1089 1335 1115 iu
1344 1090 1438 1116 Philol.
1449 1089 1537 1115 XVIII
1551 1097 1576 1123 p.
1587 1089 1642 1116 669.

911 1139 943 1142 —
962 1124 1105 1150 Praeterea
1122 1125 1146 1150 h.
1166 1125 1248 1150 Merc.
1269 1125 1316 1151 159
1335 1123 1391 1149 cod.
1412 1124 1511 1150 habeut
1528 1121 1643 1156 μεταξύ,

911 1158 981 1190 quod
1000 1158 1119 1184 Schmidt
1137 1159 1165 1184 in
1179 1159 1228 1184 Rh.
1245 1158 1314 1183 Mus.
1329 1157 1417 1183 XXVI
1438 1160 1485 1185 163
1504 1157 1643 1184 assentien-

910 1192 982 1218 tibus
1000 1192 1146 1218 editoribus
1164 1192 1276 1218 mutavit
1293 1192 1320 1217 in
1338 1189 1444 1223 μέταζε
1462 1200 1506 1224 qu.
1523 1200 1547 1217 v.
1667 1189 1671 1224 ζ

943 1225 1188 1259 μετα-παύομαι
1206 1225 1294 1257 (schol.
1313 1226 1335 1251 B
1353 1225 1386 1252 ad
1401 1226 1424 1250 P
1436 1227 1486 1253 373
1503 1232 1644 1257 μεταπαυ-

910 1258 1026 1291 όμενοι·
1045 1259 1077 1286 ἐκ
1097 1261 1234 1293 διαδοχῆς
1257 1257 1488 1293 ἀναπαυόμενοι,
1511 1256 1551 1289 ὥς
1573 1255 1644 1285 ἀντι-

909 1297 1035 1319 ποιεῖται
1054 1293 1106 1326 μὲν
1125 1292 1140 1320 ὁ
1161 1294 1253 1327 λέγων
1272 1292 1343 1324 ἐμόν
1357 1293 1427 1326 ἐστι,
1445 1295 1644 1326 μεταποιεῖται

911 1326 942 1353 δὲ
961 1322 976 1353 ὁ
995 1328 1044 1353 καὶ
1064 1325 1134 1359 ἐμόν
1149 1327 1238 1354 ἐστιν·
1258 1326 1351 1359 οἱῗτως
1364 1327 1556 1360 Ἀρίσταρχος.
1570 1327 1643 1353 Eunt.

911 1364 976 1388 1110
991 1364 1023 1388 29
1041 1361 1073 1387 τὸ
1094 1362 1124 1388 δὲ
1142 1361 1376 1395 μεταπαυόμενοι
1392 1360 1408 1395 ἢ
1425 1359 1488 1387 ἀντὶ
1500 1364 1552 1387 τοῦ
1568 1358 1643 1393 ἀμεί-
1666 1371 1669 1392 g

908 1398 1012 1429 βοντες
1035 1393 1190 1430 ἀλλήλους,
1215 1394 1254 1426 ὥς
1277 1394 1422 1422 παιῖεσθαι
1445 1394 1498 1427 μὲν
1516 1392 1643 1427 τούτους,
1665 1427 1667 1431 Α

912 1427 1030 1462 ἑτέρους
1051 1429 1081 1456 δὲ
1100 1428 1191 1463 μιῖχης
1210 1427 1363 1464 ἄρχεσθαι,
1388 1427 1404 1463 ἢ
1430 1427 1493 1456 ἀντὶ
1511 1432 1563 1455 τοῦ
1580 1427 1642 1454 ἀνα·
1666 1431 1669 1439 ”

909 1463 1079 1495 παυόμενοι.
1094 1464 1188 1490 Funck
1203 1465 1235 1490 de
1250 1473 1340 1498 praep.
1359 1463 1431 1496 μετὰ
1445 1464 1473 1490 111
1488 1464 1559 1490 Curt.
1570 1461 1641 1493 Stud.
1665 1474 1668 1484 ι

909 1497 947 1523 IX
967 1500 1015 1524 135
1035 1498 1184 1531 „zwischen
1203 1498 1298 1532 durch,
1316 1502 1395 1525 unter
1412 1498 1460 1524 der
1477 1497 1572 1524 Arbeit
1588 1495 1642 1523 auf-
1664 1500 1667 1529 g

909 1531 1011 1557 horen“
1033 1533 1131 1561 vertit.)
1153 1532 1222 1558 inter
1248 1533 1366 1559 laborem
1393 1532 1509 1566 quiesco.
1550 1531 1574 1557 P
1593 1531 1641 1557 373
1663 1556 1669 1568 ⁴

908 1565 1161 1599 μεταπαυόμενοι
1178 1567 1201 1591 δ’
1216 1563 1358 1600 ἐμάχοντο
1377 1567 1408 1593 cf.
1423 1566 1542 1593 Arm-He.
1556 1563 1639 1592 Koch:
1664 1575 1667 1602 f

908 1600 977 1626 inter
993 1601 1163 1633 pugnandum
1183 1601 1355 1633 quiescentes.
1665 1608 1667 1613 ’

941 1633 1207 1668 μετα-παυσωλή
1224 1635 1316 1667 (schol.
1336 1636 1357 1661 B
1376 1635 1411 1661 ad
1431 1635 1454 1660 Τ
1470 1637 1517 1661 201
1538 1630 1638 1667 ἡμετᾶ
1660 1627 1668 1645 1

908 1670 996 1693 ταῦτα
1016 1667 1191 1702 ἀνάπαυσιςς
1209 1677 1262 1695 11011
1280 1669 1343 1696 satis
1362 1671 1496 1701 accurate;
1513 1676 1564 1695 vox
1580 1675 1636 1697 cum
1660 1648 1669 1691 1

908 1702 987 1728 verbo
997 1700 1199 1734 μεταπαύομαι
1210 1703 1308 1729 collata
1316 1703 1404 1737 potius
1413 1702 1590 1736 intellegenda
1597 1704 1636 1729 est
1660 1694 1668 1723 3

907 1736 1022 1770 requies,
1041 1744 1109 1770 quae
1126 1736 1195 1763 inter
1213 1737 1332 1763 laborem
1349 1737 1380 1762 fit
1402 1736 1434 1763 cf.
1452 1736 1528 1763 Eust.
1544 1738 1608 1764 1180
1619 1737 1636 1764 5
1661 1731 1668 1759 1

907 1770 952 1802 qui
971 1771 1088 1804 explicat
1106 1768 1292 1804 ἀνάπνευσις,
1316 1771 1410 1797 Funck
1427 1771 1455 1797 in
1474 1770 1546 1797 Curt.
1563 1769 1633 1797 stud.
1660 1761 1667 1794 1

905 1803 944 1829 IX
966 1812 991 1837 p.
1013 1807 1074 1838 135,
1101 1804 1193 1831 Fedde
1210 1805 1344 1832 Wortzus.
1367 1805 1422 1839 Ip.
1441 1807 1486 1838 33,
1509 1804 1636 1831 Woemer
1660 1799 1668 1813 ⁸

906 1838 991 1864 subst.
1001 1839 1077 1864 Hom.
1091 1839 1188 1872 appell.
1203 1847 1228 1873 p.
1241 1840 1289 1872 12.)
1305 1839 1416 1872 requies.
1435 1839 1458 1864 T
1465 1840 1513 1865 201
1529 1833 1635 1864 ὁππότε
1658 1816 1667 1879 1

905 1880 948 1902 τις
965 1871 1180 1906 μεταπαυσωλὴ
1200 1871 1342 1905 πολέμοιο
1360 1871 1484 1907 γένηται.
1503 1871 1552 1898 v.l.
1565 1869 1633 1904 μετὰ

904 1904 1044 1939 παυσωλή
1061 1907 1114 1933 AL
1132 1907 1207 1934 Vrat.
1225 1907 1259 1933 ad
1285 1907 1311 1934 h.
1329 1908 1346 1934 1.
1374 1907 1416 1933 La
1437 1906 1526 1934 Roche
1547 1905 1574 1932 111
1596 1904 1634 1933 ed.
1658 1882 1675 1946 1

905 1939 962 1965 crit.
977 1940 1071 1966 referri
1090 1940 1145 1967 vult
1163 1948 1231 1974 quae
1250 1942 1372 1974 leguntur
1386 1942 1414 1967 in
1432 1940 1511 1968 schol.
1527 1939 1552 1966 V
1567 1939 1600 1966 ad
1611 1947 1632 1966 v.

905 1976 955 2000 208
973 1973 1003 1999 οἱ
1023 1973 1054 2001 δὲ
1073 1973 1218 2008 γράφουσι
1237 1974 1318 2008 μετά,
1337 1973 1409 2007 μετὰ
1429 1973 1461 2001 τὸ
1480 1975 1593 2007 νικῆσαι
1606 1975 1634 2000 ut
1656 1970 1664 2018 ᾗ

904 2005 976 2039 μετὰ
995 2007 1133 2041 παυσωλὴ
1153 2009 1264 2042 legatur.
1300 2017 1352 2036 non
1369 2012 1455 2042 recte,
1480 2015 1539 2034 cum
1556 2007 1634 2038 verba
1656 2033 1663 2044 ,

902 2042 940 2067 ita
963 2042 1141 2076 intellegenda
1165 2043 1231 2076 sint,
1260 2046 1289 2069 ut
1312 2051 1360 2077 pro
1382 2041 1537 2074 τεύξεσθαι
1562 2039 1633 2075 μέγα
1656 2048 1663 2063 π

905 2073 1017 2108 δόρπον
1040 2077 1164 2110 legantur
1186 2077 1341 2108 τεύξεσθαι
1360 2075 1432 2110 μέτα
1451 2074 1561 2110 δόρπον
1577 2075 1631 2116 ³:1⁸·

903 2113 1008 2143 postea,
1031 2114 1091 2144 post
1112 2111 1255 2138 victoriam.
1273 2127 1306 2130 —
1325 2111 1359 2138 cf.
1377 2109 1568 2138 Friedlaender
1584 2117 1630 2135 απ.

904 2142 957 2176 εἰρ.
976 2144 1070 2172 Ρ111101.
1092 2147 1155 2172 1851
1176 2154 1200 2179 p.
1215 2147 1271 2172 236.
1672 2167 1675 2170 >

936 2178 1167 2215 μετα-πρεπής
1187 2180 1280 2212 (Eust.
1302 2180 1366 2206 1147
1384 2179 1417 2206 52
1440 2175 1473 2205 τὸ
1497 2177 1528 2205 δὲ
1551 2184 1630 2210 μετα-
1668 2176 1675 2215 ζ

903 2211 1014 2245 πρεπέα
1038 2212 1183 2247 εὐπρεπέα
1206 2211 1237 2239 ἐν
1256 2210 1355 2243 ἄλλοις
1377 2211 1473 2246 λέγει).
1507 2213 1576 2238 inter
1591 2217 1630 2239 ω-
1655 2236 1656 2240 ,

902 2249 973 2272 teros
988 2247 1126 2274 excellens.
1148 2248 1234 2274 2370
1246 2245 1357 2279 (δόμον)
1370 2243 1548 2281 μεταπρεπέ’
1561 2241 1629 2272 ἀθά·
1657 2247 1662 2271 ἶ

903 2277 1014 2306 νιίτοισι
1030 2281 1125 2307 111-0011.
1135 2283 1160 2307 A
1173 2280 1245 2313 μετὰ
1259 2278 1361 2315 πρεπὲ’
1378 2280 1482 2313 legitur.
1496 2279 1528 2307 cf.
1538 2277 1628 2307 Funek
1671 2279 1674 2284 ’

902 2314 934 2340 de
956 2322 1046 2348 praep.
1069 2313 1142 2346 μετὰ
1165 2316 1192 2341 111
1211 2316 1283 2342 Curt.
1301 2315 1375 2342 stud.
1398 2314 1438 2341 IX
1457 2316 1517 2348 133,
1541 2311 1628 2340 Fedsio

902 2348 1056 2374 Wortzus.1
1070 2357 1094 2382 p.
1105 2352 1147 2382 34,
1156 2349 1346 2376 Weissenborn
1355 2349 1387 2375 de
1397 2348 1448 2375 adi.
1459 2356 1541 2382 comp.
1554 2347 1627 2380 p.46,

902 2382 973 2408 Stolz
994 2382 1168 2423 Zus.setzung
1185 2392 1210 2416 p.
1225 2385 1266 2411 50.
1411 2413 1417 2423 ι
1461 2413 1468 2422 ἱ
1603 2411 1628 2438 &-

901 2417 1366 2484 ..,τζετζ-ιτεῑτειξειέξξὲέῗ
1436 2416 1627 2483 ἐξεῖπε..

900 2482 1012 2517 πρεπέα
1036 2483 1067 2510 ἐν
1090 2486 1211 2516 πολλοῖς
1234 2487 1264 2512 cf.
1284 2485 1379 2511 Funck
1397 2484 1429 2510 de
1451 2489 1540 2516 praep.
1558 2477 1625 2513 μετὰ
1645 2498 1648 2500 -
1666 2479 1672 2499 ²

900 2518 927 2544 111
946 2518 1018 2545 Curt.
1037 2519 1112 2546 Stud.
1127 2519 1166 2545 IX
1183 2528 1208 2553 p.
1225 2521 1289 2550 133).
1318 2519 1387 2545 inter
1404 2521 1506 2544 ceteros
1519 2513 1625 2542 excello.
1665 2532 1669 2540 ,

899 2550 1074 2585 μεταπρέπω
1101 2562 1143 2579 -ει
1175 2562 1220 2579 -οι
1255 2552 1436 2586 μετέπρεπον
1465 2551 1542 2583 -ε(ν)
1558 2555 1625 2588 .'⁰.¹'·
1662 2545 1671 2582 1

901 2589 923 2618 1)
937 2594 959 2613 c.
974 2586 1083 2614 dativo
1102 2587 1243 2621 pluralis
1257 2595 1357 2621 eorum,
1370 2587 1438 2613 inter
1450 2591 1515 2619 quos
1530 2582 1622 2618 aliquis
1666 2586 1675 2624 's
