1705 2767
0 0 6 23 Ι

13 0 19 175 ι,
566 103 708 142 Κλονίος
731 124 768 128 ——
794 107 986 139 κλοτοπεὺω

0 324 122 410 ἰφοντο
144 318 176 348 (v.
198 317 214 343 1.
238 318 288 343 καὶ
311 314 446 351 ἄριστοι),
473 321 499 345 Λ
519 323 568 348 148
589 323 610 348 O
628 326 678 350 448
706 320 755 350 ὅθι

457 453 464 462 r

31 451 163 487 βέονται),
190 453 212 478 Δ
234 455 284 481 302
310 454 377 484 τοὺς
403 453 509 489 ἀνωγει
538 466 629 490 σφους
656 457 763 491 ἳππους

2 499 7 511 -.
32 484 128 520 ἐχέμεν
140 485 212 519 μηδὲ
225 486 399 514 κλονέεσθαι
410 487 514 525 ὁμίλῳ,
528 493 763 527 paraphmapa'a-

4 543 8 549 ,
32 521 132 547 σεσθαι
157 523 198 555 τῷ
220 520 339 555 πλήθει,
365 523 447 550 schol.
471 525 543 551 BDL
570 527 609 560 μὴ
634 527 764 555 διαλύειν

4 573 9 578 .
32 552 64 580 τὸ
86 557 194 595 στῖφρς.
236 555 301 582 Cum
323 564 448 597 praepos.
477 559 503 584 Φ
525 562 575 587 528
603 557 648 587 ὑπ’
673 560 764 588 αὑτοῦ

4 595 8 614 ;
35 588 127 622 Τρῶες
145 597 223 623 αφαρ
241 590 398 617 κλονεοντο
418 593 590 628 πεφυζότες,
609 597 708 623 rectius
727 597 763 623 vi-

3 647 7 650 .
33 622 106 649 detur
132 620 177 648 iw’
202 620 261 650 αὐτ.
288 624 398 657 iungere
428 635 487 653 cum
513 629 570 662 κλ.,
598 638 675 663 quam
703 638 763 657 cum

3 667 8 686 ‚
31 663 64 684 πε
87 656 139 689 vg„
158 657 230 690 quod
247 658 310 685 facit
328 659 456 695 Duentz.;
478 661 503 686 E
519 664 552 689 93
571 659 611 694 ὣς
635 661 690 691 ὑπὸ
712 665 763 691 Τυ-

3 695 13 726 s
32 690 89 717 δεδ
131 691 249 717 πυκιναὶ
280 692 437 720 κλονέοντο
465 694 613 730 φάλαγγες
643 699 761 733 Τραων,

4 736 13 751 .-
31 724 107 752 echo.
126 725 149 752 L
168 722 231 751 ἀντὶ
249 729 302 752 τοῦ
319 723 376 754 ὑπὸ
398 729 547 763 Τυδείδου,
566 733 672 766 saepius
691 733 762 759 enim

30 755 83 785 ὗπό
107 766 128 785 c.
154 767 212 793 gen.
235 761 368 794 reperitur
385 763 442 789 sim.
465 763 536 790 locis.
573 766 601 791 Σ
618 769 633 793 7
654 765 759 800 Ἀχαιοὶ

2 803 14 853 ἰ
29 789 560 865 ῗηέῗῖκῗῖἱιῖίῖέῗονξῖἒᾉάῑζζιὲἔεέἵι
572 801 758 861 ηἶίῗοιέἒ1ἔ·

39 847 43 853 -
290 851 296 862 ι
744 856 759 869 ‘2

0 870 15 887 ss
30 861 105 888 ceteri
126 869 188 888 vero
215 864 379 891 recentiores
406 873 465 891 cum
490 866 587 894 Wolfio
615 870 758 902 separatim

8 919 14 931 Ἴ,
29 902 88 929 scr„
109 895 187 922 schol.
206 897 280 938 ABY
300 896 511 932 άναστρεπτέον
533 901 584 935 τὴν
607 902 756 936 πρόθεσιν.

4 928 527 1006 1-ἔῖἔῖἒὲξέαῖὶήυἶῗιῖιυᾟῑέλ’111113
557 974 584 997 et
614 978 656 1004 ap.
685 972 755 998 Suid.

8 1006 17 1024 t
31 995 158 1030 Κλόνιος,
185 1002 310 1026 accentus
332 1005 472 1029 restitutus
495 1008 535 1031 est
558 1012 591 1030 ex
613 1010 755 1040 praecepto

5 1029 16 1059 Δ
53 1033 258 1067 ammaticorum‚
277 1043 299 1060 v.
319 1035 400 1063 schol.
420 1037 466 1063 BL
485 1038 519 1064 ad
538 1039 562 1064 B
581 1041 639 1070 495,
658 1041 754 1067 Arcad.

10 1067 17 1095 Ι
32 1073 48 1092 J.
62 1067 93 1093 39
101 1073 129 1099 s.‚
147 1066 244 1093 Herod.
259 1068 298 1094 ed.
309 1069 395 1096 Lentz
409 1071 435 1097 ΙΙ
449 1073 473 1103 3,
487 1074 504 1099 8
517 1076 544 1098 et
558 1075 599 1105 34,
616 1076 654 1107 17,
673 1074 703 1101 E.
715 1075 752 1101 M.

5 1101 16 1131 ,1
32 1101 79 1133 ¹21,
97 1102 135 1133 10,
152 1100 184 1126 E.
203 1101 234 1128 G.
254 1104 314 1137 328,
333 1106 378 1137 56,
397 1105 428 1131 cf.
449 1105 546 1132 Herod.
565 1107 606 1133 ed.
625 1107 710 1135 Lentz
728 1109 753 1135 11

9 1132 63 1168 117,
77 1135 110 1160 27
128 1137 154 1160 et
170 1135 250 1162 schol.
269 1137 315 1163 BL
333 1137 367 1163 ad
388 1139 411 1163 Ε
426 1141 468 1170 39,
490 1140 565 1167 Eust.
584 1143 646 1174 264,
665 1145 710 1176 363
729 1152 752 1169 v.

9 1167 20 1197 b
40 1167 99 1194 tiam
115 1167 200 1195 Lehrs
213 1170 309 1197 Arist.⁹
326 1173 384 1205 269,
402 1172 443 1199 La
457 1173 547 1200 Roche
566 1175 591 1201 h.
606 1175 635 1202 T.
650 1178 700 1203 398
709 1185 752 1210 ss„

5 1200 151 1236 u‘oettling
172 1204 274 1231 Accent
293 1207 350 1236 171)
384 1206 517 1234 Alectoris
539 1209 622 1242 filius,
646 1218 713 1237 unus
737 1219 751 1237 e

6 1241 21 1274 ³2.
34 1235 131 1269 [uiaque
149 1237 309 1265 Boeotorum
332 1239 454 1274 ducibus,
478 1243 609 1269 occiditur
631 1244 664 1270 ab
683 1246 751 1277 Age—

13 1283 17 1290 =
40 1276 89 1296 ore.
123 1271 148 1296 B
165 1274 215 1299 495
237 1273 380 1312 βοιωτιῦν
403 1276 492 1308 ἡρχον
510 1297 516 1303 .
535 1297 542 1304 .
568 1276 750 1319 Προθοήνωρ

11 1314 21 1365 ἒ
35 1304 269 1374 ἓιέῑωῗῖῗοῧῗ·
279 1308 751 1381 ορὲἶῖπίὲὶῗψιὲῗ)(ιὲἑλιῖῖἓῖςοἵ,

2 1380 20 1398 ,ς
48 1371 148 1398 λονίων
165 1373 199 1402 D)
217 1371 265 1401 ἕλε
288 1377 350 1406 δῖος
371 1374 505 1412 Ἀγήνωρ.
541 1380 626 1407 Schol.
644 1381 695 1407 AD
718 1382 752 1408 ad

11 1410 22 1435 1
68 1408 117 1433 494
147 1405 284 1435 ἐτίθεσαν
311 1408 340 1436 οἱ
367 1412 499 1438 πλεῖστοι
526 1417 584 1440 τῶν
619 1416 752 1442 παλαιῶν

12 1449 22 1474 5
37 1441 219 1482 ,ροξηπτικῶς
237 1441 288 1474 τὰς
308 1442 467 1477 ὀνομασίας
485 1450 546 1478 τοῖς
565 1449 677 1481 παισίν,
702 1448 751 1483 ἀφ’

12 1484 23 1503 u
37 1477 59 1499 ’ν
69 1471 193 1515 ρε’μελλον
207 1475 235 1503 οἱ
249 1480 352 1518 παῖδες
367 1477 544 1512 ἐπιτηδεύειν
562 1481 751 1516 πραγμάτων·

60 1510 130 1542 οδρα
149 1509 181 1536 δὲ
199 1509 297 1543 αὐτοῖς
318 1510 401 1545 ε’μελε
420 1514 454 1540 τὰ
473 1518 525 1542 τοῦ
545 1516 674 1549 πολέμου
694 1540 699 1545 .
719 1539 724 1545 .
745 1539 750 1545 .

13 1517 69 1572 ιῖλ.
87 1541 118 1569 δὲ
136 1541 151 1570 ὁ
174 1549 307 1578 γενναῖος
329 1548 379 1573 καὶ
400 1546 527 1582 μάχιμος
548 1551 749 1586 γενησόμενος,

15 1579 23 1607 e
39 1574 53 1602 f.
69 1576 141 1605 Eust.
159 1581 216 1609 264,
235 1582 276 1607 35.
311 1581 333 1607 F
335 1582 465 1609 riedreich
483 1584 557 1611 Real.
576 1587 634 1612 540.

14 1609 24 1644 δ
52 1610 168 1646 κλόνος
197 1614 272 1645 (Fick
299 1615 349 1649 vgl.
368 1616 518 1645 Woerterb.
547 1622 577 1646 51
607 1620 709 1648 derivat
734 1629 750 1647 a

17 1652 23 1672 2
50 1643 162 1684 d.·krau,
180 1654 279 1675 sanscr.
298 1651 412 1684 cronati,
431 1652 528 1685 clonati
547 1655 693 1687 cumulare,
712 1655 750 1682 ita

20 1688 25 1703 ;
67 1682 99 1705 sit
119 1681 162 1707 κλ.
185 1686 273 1708 ortum
295 1692 328 1710 ex
355 1686 502 1719 xivf-voc,
529 1687 695 1720 Siegismund
722 1690 749 1716 in

20 1715 87 1743 [urt-
112 1714 184 1742 Stud.
203 1716 228 1742 V
255 1719 304 1744 148
334 1720 381 1746 163
412 1725 517 1747 revocat
547 1722 581 1748 ad
607 1722 662 1751 rad.
689 1725 749 1757 κελ,

17 1750 23 1775 t
54 1753 83 1786 ηρ
103 1747 131 1774 in
151 1748 247 1783 κέλης,
271 1749 381 1778 όκέλλω
405 1753 486 1787 inest3
514 1755 656 1783 festinandi
678 1758 748 1784 enim

16 1783 27 1810 4
53 1783 129 1815 tione,
143 1791 210 1816 quae
224 1785 276 1812 illis
290 1794 342 1813 voc.
354 1788 475 1814 omnibus
490 1791 637 1817 communis
651 1791 692 1825 sit,
711 1792 748 1818 fa-

1 1828 3 1835 .
19 1815 27 1843 Ι
42 1813 65 1840 le
80 1815 108 1842 id
125 1817 259 1852 explicari,
278 1820 347 1853 quod
364 1823 407 1848 κλ.
427 1823 506 1849 etiam
525 1824 558 1850 de
572 1825 686 1852 tumultu
700 1834 747 1859 pu-

54 1853 117 1876 aeet
130 1851 185 1877 sim.
196 1852 311 1888 dicatur3
326 1855 359 1881 ab
370 1855 461 1882 eadem
471 1857 567 1891 radice,
582 1859 608 1884 in
618 1867 671 1892 qua
680 1860 747 1886 inest

0 1892 1 1907 ι
18 1855 27 1919 t
52 1882 87 1909 tio
103 1883 265 1921 impellendi,
285 1888 358 1915 ducit
376 1890 495 1918 Schmidt
514 1892 609 1924 synon.
630 1896 685 1927 103,
707 1897 746 1928 12,

0 1922 28 1949 ψ)
44 1935 50 1942 .
65 1916 163 1956 ῌεῃίεγ
181 1920 246 1947 WL.
265 1922 290 1948 11
309 1925 371 1956 2873
394 1924 498 1952 dubitat
517 1926 588 1953 Curt.
607 1928 666 1955 ΕΝ
686 1931 745 1961 146;

23 1953 93 1985 suut
117 1953 170 1991 rad.
198 1954 262 1982 klan
288 1957 319 1983 L.
342 1957 435 1991 Meyer
453 1960 502 1993 vgl.
522 1960 566 1987 Gr.
589 1961 601 1987 I
623 1965 686 1996 4053
713 1963 746 1988 de

23 2000 26 2011 ι
50 1983 95 2012 bnt.
119 1994 147 2013 m
173 1997 205 2019 ος
232 1991 387 2019 exeuntibus
414 2002 437 2019 v.
464 1994 494 2020 L.
520 1995 613 2029 Meyer
639 1997 664 2022 II
690 1999 745 2030 154,

3 2030 29 2081 g
52 2025 153 2081 0ῗὲΞὲ
163 2022 250 2084 εΙιιίἰεἸιᾷ
263 2024 397 2089 1110)ω.ἐ3;
419 2027 452 2087 {le
466 2033 585 2088 {moen-tu·
606 2039 627 2056 v.
647 2031 745 2090 Herlod.

51 2071 56 2078 -
300 2080 305 2085 .
368 2069 402 2087 on
431 2069 444 2087 e
464 2071 517 2089 ιω1
536 2071 586 2089 nisi
605 2072 661 2091 acc.
679 2074 696 2090 κ
717 2075 745 2090 ο-

23 2086 30 2116 1
52 2093 73 2113 ν.
103 2087 214 2127 [rantum
232 2079 259 2118 ixi
277 2093 306 2119 11.
325 2070 492 2128 (septies,gin
511 2097 578 2124 libro
593 2098 621 2123 Π
632 2101 745 2133 quater),

2 2134 3 2138 =
22 2123 31 2147 t
68 2120 255 2163 Friedleender
276 2129 292 2153 2
315 2127 383 2154 hom.
394 2129 584 2157 Woerterverz.
606 2135 655 2160 797
661 2143 667 2166 ;
690 2141 745 2159 om-

23 2155 32 2217 ἰ
61 2161 91 2182 us
114 2156 177 2184 locis
203 2159 230 2185 in
257 2161 326 2188 thesi
352 2165 376 2189 4.
402 2164 485 2196 pedis.
522 2166 626 2193 Voealis
658 2168 744 2194 brevis

47 2190 75 2228 *te
89 2190 130 2216 κλ.
153 2199 257 2227 semper
278 2196 407 2229 producta
430 2202 477 2224 est.
497 2215 529 2218 —
547 2200 635 2227 Motus
657 2201 743 2234 qualis

2 2240 3 2245 .
25 2229 32 2249 ι
69 2225 293 2261 tumultuantium,
312 2231 453 2262 tumultus,
472 2234 557 2260 turba.
593 2236 643 2268 Ap.
663 2236 734 2268 Soph

26 2259 33 2282 t
87 2259 132 2293 29,
150 2260 212 2287 Zon.
233 2265 307 2296 1217,
326 2264 410 2298 Suid.,
428 2266 460 2293 E.
480 2267 511 2293 G.
530 2270 592 2301 329,
613 2272 639 2302 1,
657 2269 743 2303 Phot„

26 2290 31 2317 ³.
68 2290 117 2318 hm.
131 2295 229 2333 ‘anecd
247 2299 309 2330 279,
329 2301 360 2326 13
384 2298 493 2335 ταραχή
515 2299 674 2337 (τάραχος),
697 2304 743 2330 ad-

24 2334 34 2350 s
50 2326 78 2350 nt
94 2325 164 2366 Suid.
182 2333 210 2356 et
230 2331 321 2358 anecd.
345 2330 489 2368 θόρυβος,
512 2336 588 2364 Phot.
612 2336 743 2372 θόρυβος

27 2355 37 2383 l«
59 2365 192 2395 στροφος,
213 2366 338 2404 parqphr.
357 2367 386 2393 Il.
405 2368 525 2402 ταραχή,
548 2367 667 2405 κτιζπος,
691 2371 742 2398 θό-

30 2410 32 2414 -
67 2400 111 2433 ξς,
128 2403 289 2433 συστροφη,
314 2401 397 2427 schol.
416 2402 437 2428 B
456 2403 490 2429 ad
511 2404 537 2430 Φ
554 2407 604 2432 422
623 2402 639 2438 ἦ
657 2404 742 2438 μάχη,

30 2435 34 2447 ι
62 2435 79 2458 η
94 2429 263 2458 κλονοῦνται
282 2432 310 2459 οὶ
329 2436 532 2471 πολεμοῦντες,
551 2438 582 2465 cf.
597 2440 676 2466 schol.
691 2441 740 2466 AD

29 2466 34 2475 ⁴
62 2459 87 2485 B
103 2464 152 2490 494
172 2465 220 2492 sub
244 2466 287 2494 fin.
323 2469 403 2502 Apud
425 2470 500 2497 Hom.
528 2473 647 2500 omnibus
675 2474 740 2500 locis

66 2496 175 2524 tumultu
197 2499 304 2534 bellico,
331 2503 401 2529 unde
423 2504 522 2531 factum
544 2510 596 2541 est,
620 2511 649 2534 ut
671 2509 740 2541 expl.

54 2533 73 2553 ⁸-
90 2530 202 2567 ,ταραχὴ
229 2535 397 2571 πολέμου,
425 2535 440 2564 3·
466 2538 596 2572 σεισμός,
618 2550 641 2568 v.
661 2543 740 2568 etiam

88 2562 126 2590 ldt
142 2565 234 2600 Synon.
255 2572 315 2604 103,
340 2573 372 2598 12
394 2575 420 2598 et
442 2573 518 2600 Hoch
541 2574 646 2603 lexikal.
665 2576 738 2603 Bem.

35 181 181 208 Dammius:
206 182 250 208 ubi
273 182 378 215 plurimi
401 184 542 216 pugnando
566 186 723 214 laborabant
741 192 768 215 et

35 215 261 242 tumultuabantur
282 216 346 247 (cod.
364 216 440 243 vind.
462 219 510 243 καὶ
540 216 668 253 ἄριστοι,
696 224 767 255 quod

35 249 148 275 deletum
174 252 215 276 est
241 257 321 276 manu
347 251 508 286 recentiore,
540 261 609 286 quae
635 263 766 289 suprascr.

0 298 4 307 x
34 283 126 315 κλον.).
162 283 204 309 Sic
230 283 309 310 etiam
336 284 364 309 Π
384 287 446 318 285,
474 288 598 320 paraphr.
619 289 767 323 συνεστρέ-

33 351 159 377 πλεῖσται
181 350 337 378 κλονέοντο
361 352 521 388 φάλαγγες,
551 356 573 381 Ε
594 358 626 383 93
649 359 765 384 πυκιναὶ

32 383 181 411 κλονέοντο
204 382 351 418 φάλαγγες
377 385 497 422 Τρώων,
526 389 552 415 Φ
570 392 620 417 554
643 401 665 418 v.
688 393 705 419 l.
731 395 765 427 τῇ

34 427 86 452 περ
105 416 132 444 οἱ
152 415 233 444 ἄλλοι
253 417 425 452 ἀτυζόμενοι
445 421 613 464 κλονέονται
631 427 690 467 (pro
714 436 764 459 φο-

1467 115 1528 147 829

794 192 875 218 ueber
881 192 904 218 d.
910 192 978 219 hom.
985 193 1364 227 Sprachgebr.‚Muenstereifel
1372 198 1436 223 1865
1443 206 1458 231 p
1468 198 1527 225 xli.

793 225 821 250 H
837 228 885 253 331
914 224 990 259 ζωὸν
1013 224 1059 254 ἕλε
1081 229 1249 262 βλαφθέντα
1261 228 1344 261 ,κατὰ
1365 230 1478 265 κλόνον,
1501 233 1529 258 Π

793 261 841 286 713
864 259 986 293 μάχοιτο
1009 259 1083 288 κατὰ
1105 260 1211 288 κλόνον
1234 262 1314 294 αὖτις
1342 262 1465 296 ἐλάσσας
1480 274 1525 299 βο.

791 289 909 327 ἵππους,
933 295 961 321 ΙΙ
978 298 1027 323 729
1050 294 1080 321 ἐν
1104 295 1135 322 δὲ
1157 295 1263 323 κλόνον
1280 296 1451 331 Ἀργείοισιν
1475 301 1526 333 ήκε

791 326 890 361 κακόν,
906 329 991 357 Π789
1005 327 1057 355 τὸν
1072 327 1152 356 ἰόντα
1164 334 1196 363 (v.
1207 333 1223 358 l.
1235 330 1329 363 ἐόντα)
1339 331 1412 358 κατὰ
1421 332 1527 360 κλόνον

791 358 845 386 οὐκ
868 358 997 398 ἐνόησεν,
1017 365 1052 396 ΔΦ
1069 366 1119 391 422
1142 363 1204 399 ἄγει
1223 363 1308 400 Ἄρηα
1331 365 1363 392 ἐκ
1384 366 1526 400 πολέμοιο

791 393 864 421 κατὰ
882 397 1000 431 κλόνον,
1025 399 1136 425 DuentZ.
1155 400 1265 427 miratur
1286 401 1367 427 verba
1384 399 1457 427 κατὰ
1475 404 1526 436 κλ,,

789 429 861 461 quod
883 432 924 456 κλ.
948 432 1015 458 idem
1040 433 1074 459 sit
1101 436 1180 466 atque
1206 435 1368 468 praecedens
1390 434 1526 470 πόλεμος,

789 463 860 489 idem
879 464 985 499 interpr.
1007 467 1035 492 Π
1047 470 1095 494 713
1111 472 1138 493 et
1152 470 1201 495 789
1218 470 1261 495 κλ.
1275 469 1412 502 πόλεμον,
1426 469 1525 504 πόνον,

789 496 889 529 μάχην.
925 500 950 524 Ε
968 502 1015 527 167
1044 502 1066 527 Y
1082 503 1131 528 319
1153 503 1192 535 βῆ
1211 503 1235 528 δ’
1250 500 1314 533 ἴμεν
1333 501 1367 529 ἄν
1384 512 1416 530 τε
1433 504 1526 538 μάχην

789 532 839 556 καὶ
859 529 912 557 ἀνὰ
935 533 1042 560 κλόνον
1065 533 1210 568 ἐγχειάων.
1246 537 1333 564 Habet
1350 537 1456 569 κλόνος
1474 547 1525 565 uno

790 564 847 605 Iolco
871 566 1007 599 epitheton
1030 568 1120 600 κακός
1139 570 1168 596 Π
1183 573 1240 598 729.
1260 587 1291 590 -
1309 571 1433 606 κλονὲω,
1452 573 1524 599 Κλο-

790 607 859 629 νιος.

823 633 960 668 κλόπιος
976 636 1088 670 (κλοπή,
1107 638 1138 663 cf.
1154 639 1226 664 Curt.
1244 639 1287 666 Et.
1307 642 1364 673 646,
1382 641 1412 666 L.
1432 642 1523 674 Meyer

788 667 837 699 vgl.
853 668 899 693 Gr.
913 669 938 694 11
952 671 1012 701 445)
1029 671 1114 703 furax,
1133 672 1220 699 fallax.
1249 682 1263 698 ν
1273 675 1322 701 295
1341 672 1438 708 λήξειν
1453 674 1522 701 ἀπα-

788 700 866 726 τάων
892 700 995 733 μύθων
1022 713 1053 730 τε
1078 708 1102 736 (ε
1130 707 1285 739 productum
1311 710 1361 737 est)
1384 708 1522 743 κλοπίων,

787 736 868 762 schol.
888 736 911 761 V
942 739 1001 762 τῶν
1028 739 1229 772 κεκλεμμὲνων
1255 742 1304 767 καὶ
1331 740 1368 775 μὴ
1398 741 1522 777 ἀληθῶν,

786 769 861 795 Eust.
879 772 952 803 1742,
967 774 998 798 25
1019 770 1080 798 ἀντὶ
1099 777 1151 799 τοῦ
1171 775 1285 809 δολίων,
1303 776 1385 804 Doed.
1400 777 1439 803 Gl.
1455 780 1521 806 2119

787 804 922 830 versteckt
940 813 965 832 u.
980 806 1171 840 heuchlerisch,
1186 822 1218 831 =
1234 807 1377 844 ἀπατάων,
1396 811 1437 838 od.
1453 812 1522 838 sinu-

786 837 952 872 beraubend,
980 840 1193 875 hinreissen(l('?).
1233 844 1296 870 Fuit
1318 853 1366 877 pro
1388 846 1430 872 κλ.
1458 855 1480 871 v.
1504 847 1520 872 1.

785 871 926 904 πλοκίων,
955 882 976 900 v.
1004 874 1077 902 Eust.
1104 879 1180 909 1741,
1202 879 1235 904 57
1270 880 1346 911 1742,
1369 882 1413 911 25,
1450 880 1521 913 Hes.,

784 906 864 932 schol.
897 907 930 932 H.
958 924 990 927 —
1019 909 1210 937 Friedlaender
1240 915 1256 938 2
1287 913 1356 940 hom.
1384 914 1520 941 Woerter-

783 948 850 966 verz.
871 943 928 967 740.

816 974 942 1009 κλοπός
958 975 1095 1010 (κλέπτω,
1118 979 1149 1005 cf.
1169 979 1268 1006 Clemm
1287 980 1319 1006 de
1337 988 1454 1014 compos.
1473 983 1518 1009 Gr.

782 1011 824 1038 60)
847 1008 900 1042 fur,
924 1010 940 1036 i.
959 1018 983 1043 q.
1007 1010 1128 1043 κλέπτης
1151 1016 1177 1039 et
1199 1011 1296 1047 κλώψ,
1319 1014 1352 1042 cf.
1374 1016 1458 1042 Doed.
1478 1017 1518 1043 Gl.

781 1045 855 1069 2120.
874 1043 899 1069 h.
911 1043 992 1070 Mero.
1004 1047 1053 1072 276
1071 1046 1143 1079 μήτε
1156 1048 1208 1072 τιν’
1219 1045 1307 1073 ἄλλον
1317 1045 1422 1075 ὄπωπα
1435 1051 1516 1083 βοῶν

779 1075 890 1102 κλοπὸν
905 1074 1080 1114 ὑμετεράων,
1095 1080 1127 1107 ef.
1138 1081 1253 1107 Fietkau
1267 1082 1300 1108 de
1314 1091 1454 1110 carm.voc.
1464 1093 1516 1111 non

779 1110 846 1136 hom.
862 1113 895 1138 24
909 1114 954 1144 433
978 1113 1069 1139 Herm.
1083 1124 1104 1141 v.
1120 1116 1255 1149 expungit,
1270 1116 1389 1144 defendit
1401 1118 1516 1146 Franke.

777 1159 811 1163 ——
830 1142 996 1177 ἐπίκλοπος.

812 1179 1019 1208 κλοτοπεύω,
1055 1182 1114 1208 Vox
1137 1183 1232 1210 dubiae
1259 1185 1368 1218 originis
1391 1188 1418 1212 et
1436 1186 1517 1219 signi-

778 1212 914 1240 ficationis.
950 1215 1008 1241 Uno
1027 1215 1123 1250 legitur
1141 1217 1198 1243 loco
1219 1218 1242 1243 T
1260 1220 1306 1245 149
1330 1222 1380 1245 νῦν
1400 1219 1431 1246 δὲ
1448 1229 1514 1253 μνη-

778 1244 900 1278 σώμεθα
921 1247 1031 1282 χάρμης
1050 1252 1123 1282 αἰψα
1141 1249 1219 1282 μάλ“’
1242 1249 1278 1278 οὗ
1297 1251 1352 1286 γὰρ
1370 1253 1425 1286 χρὴ
1449 1255 1515 1280 κλο-

778 1280 913 1307 τοπεύειν
929 1283 1036 1315 (Bekk.2
1045 1288 1072 1310 et
1082 1284 1177 1311 Nauck
1191 1285 1281 1317 -έμεν)
1299 1286 1399 1313 ἐνθάδ’
1412 1286 1513 1319 ἐόντας

779 1312 847 1341 οὐδὲ
868 1316 1038 1351 διατρίβειν·
1059 1315 1100 1344 ἔτι
1118 1318 1174 1352 γὰρ
1189 1319 1263 1353 μέγα
1278 1317 1366 1355 ἔργον
1382 1319 1513 1356 ἄρεκτον.

777 1349 900 1376 Fuerunt
917 1351 962 1383 qui
981 1360 997 1377 a.
1014 1352 1127 1378 κλέπτω
1147 1354 1309 1389 derivarent3
1328 1356 1416 1389 itaque
1435 1358 1515 1383 inter-

778 1392 817 1416 pr.
830 1384 891 1411 Hes.
901 1386 1161 1421 παραλογίζεσθαι,
1176 1386 1288 1414 ἀπατᾶν
1301 1390 1343 1421 [cf.
1354 1390 1435 1417 eiusd.
1445 1391 1513 1416 κλο-

777 1418 931 1451 τοπευτὴς·
955 1417 1142 1463 ἐξαλλάκτης,
1160 1421 1295 1456 ἀλαζών),
1313 1424 1513 1458 κλεψιγαμεῖν,

777 1452 853 1478 Eust.
863 1455 934 1485 1177,
945 1456 960 1480 4
970 1455 1061 1486 Αδηλοῖ
1071 1464 1145 1481 κατα
1160 1454 1226 1487 τοὺς
1240 1455 1383 1489 παλαιοὺς
1398 1457 1430 1484 τὸ
1445 1460 1512 1484 κλο-

777 1485 877 1512 πεύειν
890 1487 939 1512 καὶ
950 1490 1014 1513 οἱον
1023 1489 1236 1522 παρακλέπτειν
1245 1491 1295 1517 τὸν
1304 1491 1417 1525 καιρόν,
1432 1493 1511 1520 schol.

777 1521 799 1546 B
810 1521 942 1547 κλέπτειν
953 1520 1003 1555 τὴν
1012 1520 1111 1557 μάχην,
1123 1525 1202 1551 Suhle
1212 1525 1238 1551 in
1249 1526 1416 1553 lex.f0rtasse
1425 1530 1510 1553 ortum

777 1562 834 1580 esse
855 1563 887 1581 ex
910 1556 1074 1582 κλοπετεύω
1097 1562 1173 1591 putat
1189 1571 1223 1580 =
1241 1560 1381 1591 κλοπιόυς
1398 1558 1511 1592 μύθους

776 1589 918 1615 artificiosa
943 1591 1072 1623 (pulchra)
1097 1593 1176 1619 verba
1202 1593 1304 1628 facere3
1336 1594 1405 1621 Suid.
1435 1602 1509 1621 vero:

774 1622 1291 1657 κλωπεύω,κλωπιτεύω,κλοτοπεύω
1308 1627 1347 1661 δέ,
1365 1628 1397 1655 cf.
1409 1629 1511 1663 Benfey

775 1657 841 1683 WL.
861 1658 886 1684 II
906 1661 961 1685 170.
998 1660 1027 1685 In
1050 1661 1129 1686 schol.
1152 1661 1207 1687 cod.
1225 1663 1306 1688 Athoi
1328 1664 1359 1694 (v.
1378 1663 1458 1690 schol.
1481 1663 1510 1690 in

774 1691 803 1716 Il.
823 1691 863 1718 ed.
882 1692 960 1718 Dind.
975 1694 1000 1719 11
1019 1702 1044 1727 p.
1061 1696 1116 1727 187,
1131 1697 1175 1728 27;
1194 1696 1285 1722 eudem
1303 1697 1383 1723 verba
1400 1697 1463 1731 quin
1481 1697 1508 1723 in

775 1725 878 1752 Veneto
902 1734 1005 1759 quoque
1028 1728 1096 1760 cod.,
1123 1737 1181 1755 cum
1204 1730 1308 1763 integer
1330 1735 1411 1763 esset,
1438 1731 1508 1758 lecta

774 1759 881 1791 fuerint,
899 1768 951 1787 non
965 1761 1069 1788 dubitat
1082 1763 1169 1795 Dind„
1184 1772 1206 1790 v.
1222 1765 1297 1790 eund.
1312 1765 1362 1792 vol.
1377 1765 1456 1798 1215,
1466 1767 1508 1792 26)

773 1797 825 1820 est:
852 1794 904 1820 τὸν
930 1794 1034 1829 καιρὸν
1057 1796 1217 1838 διατρίβειν
1238 1799 1286 1824 καὶ
1309 1807 1378 1825 κενα
1400 1797 1508 1832 λέγειν·

774 1824 817 1853 ὅτι
838 1826 870 1854 ἐκ
888 1831 946 1854 τιῦν
965 1832 1214 1863 συμφραζομενων
1231 1833 1274 1858 κλ.
1288 1831 1321 1858 τὸ
1337 1841 1508 1867 στραγγευε-

773 1863 856 1894 σθαι,
879 1863 916 1889 sic
939 1864 1047 1897 interpr.
1070 1865 1149 1891 etiam
1171 1866 1248 1900 Hes„
1270 1867 1308 1893 ita
1330 1870 1359 1893 ut
1381 1868 1415 1894 sit
1436 1867 1506 1894 idem

771 1900 851 1929 atque
862 1897 1032 1931 διατρίβειν,
1047 1899 1221 1933 tergiversari,
1235 1901 1339 1927 morari.
1366 1902 1416 1934 Ap.
1427 1901 1505 1935 Soph.

774 1933 829 1963 101,
840 1933 854 1957 3
873 1931 1085 1963 στρατεύεσθαι
1099 1932 1339 1968 (στραγγεύεσθαι
1354 1935 1385 1962 H.
1397 1936 1507 1968 Steph.),

772 1965 853 1990 schol.
873 1965 893 1990 B
919 1963 934 1998 ἢ
959 1964 997 1995 ὠς
1021 1963 1091 1992 ἔνιοι
1115 1967 1334 2001 στρατεύεσθαι·
1357 1968 1506 1995 τουτέστιν

772 1997 807 2024 οὐ
824 1996 880 2032 χρὴ
901 1997 1027 2025 ἐνταῦθα
1046 1999 1131 2032 ὄντας
1150 2001 1372 2036 στρατεύεσθαι,
1395 2001 1456 2029 ἀλλ’
1475 2002 1506 2030 ἐν

771 2034 814 2067 τῷ
823 2032 947 2067 πολέμῳ.
972 2035 1099 2068 Paraphr.
1110 2036 1139 2063 Il.
1150 2038 1333 2071 πολυλογεῖν,
1347 2038 1404 2065 sim.
1414 2038 1505 2064 Boett-

771 2067 859 2099 chero,
878 2068 1041 2095 Aehrenlese
1059 2078 1107 2095 zur
1124 2071 1261 2097 hom-hes.
1272 2072 1503 2106 Wortforschung,

770 2101 865 2127 Dresd.
887 2104 951 2128 1848
969 2111 993 2135 p.
1012 2106 1042 2129 21
1067 2104 1171 2131 videtur
1188 2106 1231 2130 κλ.
1249 2105 1345 2132 imitari
1367 2114 1459 2132 sonum
1478 2110 1505 2132 et

771 2135 920 2168 significare
938 2136 1112 2165 blaterare.
1144 2139 1198 2172 Alii
1212 2140 1301 2166 volunt
1314 2140 1427 2173 positum
1445 2147 1503 2166 esse

769 2178 817 2203 pro
848 2170 1037 2211 κλυτοπεὺειν
1067 2172 1117 2198 καὶ
1149 2175 1214 2199 οἱον
1244 2174 1429 2215 καλλιλογεῖν
1453 2174 1504 2200 καὶ

768 2204 886 2233 κλυτοῖς
905 2212 1003 2230 επεσιν
1022 2203 1214 2241 ἐνδιατρίβειν
1231 2208 1281 2233 καὶ
1300 2217 1375 2234 ουτω
1399 2217 1503 2241 καταρ-

769 2240 832 2271 γεῐν
850 2236 881 2263 ἐν
899 2241 1004 2270 κενοῖς,
1023 2240 1055 2266 cf.
1070 2240 1145 2267 Eust.
1162 2244 1233 2273 1177,
1247 2244 1275 2275 43
1293 2242 1374 2269 schol.
1389 2243 1411 2269 B
1429 2242 1503 2273 τινὲς

768 2272 953 2305 καλολογεῑν,
981 2271 1073 2300 οἱονεὶ
1090 2275 1288 2309 κλυτεπεύειν,
1311 2284 1377 2310 quos
1395 2280 1503 2303 secutus

769 2309 811 2331 est
834 2307 992 2333 Autenrieth
1014 2308 1041 2333 in
1064 2308 1114 2334 lex.
1153 2309 1203 2336 Est
1224 2311 1251 2336 in
1273 2318 1326 2336 uuo
1349 2311 1407 2337 cod.
1427 2311 1501 2338 Vrat.

768 2337 965 2374 κλοτοπεύειν,
993 2342 1063 2374 quod
1085 2343 1202 2370 scribere
1223 2343 1317 2371 maluit
1338 2345 1424 2372 Bothe
1447 2346 1502 2372 sive

768 2374 855 2406 potius
876 2372 954 2400 κλότ’
967 2373 1097 2409 dugaw,
1119 2378 1135 2403 i.
1159 2385 1178 2403 e.
1204 2378 1284 2405 verba
1305 2380 1426 2405 sonantia
1448 2380 1502 2406 sive

767 2408 908 2434 verborum
930 2416 1008 2436 sonos
1031 2410 1241 2445 circumspicere,
1265 2412 1298 2439 cf.
1317 2413 1416 2447 Spitzn.
1436 2414 1452 2440 l.
1471 2414 1502 2447 l.;

768 2441 837 2467 idem
864 2442 989 2469 Doederl.
1017 2444 1043 2470 in
1071 2445 1111 2471 ed.
1138 2447 1299 2479 suspicatur:
1332 2448 1426 2480 „fortis
1452 2448 1501 2474 viri

765 2476 979 2508 (δουρικλυτοῠ)
1001 2479 1114 2512 speciem
1132 2480 1254 2513 induere,
1276 2489 1371 2508 nomen
1388 2479 1501 2516 κλύτοψ

767 2509 789 2535 si
807 2509 876 2536 forte
895 2519 1005 2544 usquam
1023 2513 1163 2547 legeretur,
1182 2518 1210 2541 ut
1225 2512 1315 2549 ἔλλοψ
1333 2516 1403 2542 unde
1422 2514 1501 2542 ἐλλο-

766 2543 878 2570 πιεύειν
886 2545 984 2572 incluto
999 2547 1055 2573 viro
1069 2547 1180 2574 similem
1190 2550 1374 2583 siguificaret“,
1385 2559 1407 2577 v.
1418 2551 1499 2577 eiusd.

765 2577 846 2611 gloss.
865 2580 940 2606 2137.
975 2580 1145 2616 Schoenberg
1163 2583 1260 2616 griech.
1281 2584 1411 2619 Compos„
1429 2585 1499 2611 Berl.
