1684 2778
113 97 125 126 1
132 95 194 127 032

108 176 236 210 μέγεθός
255 178 277 202 τ’
297 175 339 207 εἰς
357 173 428 202 ἄντα
447 174 560 202 ἰδέσθαι
578 175 590 207 Ι.
622 175 729 199 Inverso
748 172 841 205 orgline

112 213 136 238 li.
154 213 218 238 Ven.
232 214 265 238 82
279 210 415 245 παρθένῳ
433 207 544 242 ἀδμήτῃ
559 207 685 241 μέγεθος
699 205 748 246 καὶ
764 206 842 234 εἰδος

110 244 199 280 ὁμοίη
212 246 230 279 l,
245 245 339 272 h.'Cer.
350 248 400 272 275
414 244 540 276 μέγεθος
553 242 601 267 καὶ
617 241 815 279 είδοςιαμιειψε
829 239 842 271 1.

110 295 142 298 —
162 288 179 305 σ
202 281 252 306 219
276 277 305 308 ἐς
328 279 454 310 μέγεθος
481 277 529 302 καὶ
556 275 664 304 κάλλος
691 281 842 311 ορωμενος

111 311 263 347 ἀλλότριος
285 310 347 346 φώς
363 313 380 345 l,
405 312 430 337 H
450 312 500 337 288
524 310 599 334 δῶκε
623 305 693 337 θεὸς
715 306 842 338 μέγεθος

110 356 140 373 τε
163 347 231 382 βίην
254 355 284 372 τε
306 348 308 378 Ι
329 347 378 371 καὶ
407 340 531 375 πινυτήν.
569 343 640 368 Ψ66
662 339 790 372 μέγεθός
812 348 842 366 τε

108 382 157 407 καὶ
179 378 293 413 ὄμματα
312 379 376 405 κάλ’
397 376 491 404 ἐικυῖα
507 378 510 409 Ι
526 376 574 401 καὶ
593 373 700 408 φωνήν.
720 390 751 393 -
771 374 843 400 Suid.

143 414 263 455 Μέγης.
304 414 453 446 Leguntur:
472 418 542 436 nom.
566 408 668 442 Μέγης
695 408 844 441 quinquies,

110 457 163 476 acc.
182 449 303 481 Μέγητα
324 447 347 472 Τ
359 448 416 477 239,
435 453 485 477 quo
503 444 560 470 loco
579 443 728 469 Zenodotus
741 440 844 475 Μέγην

110 491 141 508 τε
162 483 277 515 scripsit.
314 481 346 506 cf.
371 479 534 505 Aristonicus
558 477 591 503 ad
610 477 638 502 K
652 478 701 503 175
725 471 740 509 ἡ
758 477 844 508 διπλῆ

111 514 234 549 ..πρὸς
262 512 426 548 Ζηνόδοτον
454 509 606 545 γράφοντα
633 509 696 536 ἐκεῖ
725 511 764 541 (T
780 512 845 541 239)

111 549 274 583 ,,Φυλείδην
296 556 327 573 τε
350 545 449 579 Μέγην
473 546 528 577 τε“,
550 542 601 570 τὸν
620 543 765 578 Φυλείδην
783 542 844 569 οἰό-

111 592 200 615 μενον
215 580 305 613 ὄνομα
319 580 429 613 κύριον.
458 579 539 605 schol.
553 579 587 605 ad
601 579 686 606 N692
703 577 844 610 Φυλείδης

112 626 142 643 τε
160 615 223 648 Μέγ
247 625 259 645 ς
276 615 400 646 Ἀμφίων
418 621 449 639 τε
468 612 594 645 Δράκιός
611 620 642 638 τε
658 614 661 645 1
676 611 803 644 (Dindorf
819 612 844 637 II

112 660 136 684 p,
156 653 197 678 28)
221 659 264 676 οτι
290 647 321 674 ἐν
345 645 442 678 ἄλλοις
466 647 500 672 οὐ
523 649 600 672 νοῶν
619 644 781 679 Ζηνόδοτος
800 641 845 670 ὅτι

113 683 210 717 Μέγης
227 681 344 712 Φυλέως
359 679 428 714 ἐστί,
444 679 551 714 γράφει
566 681 729 715 ,,Φυλείδηγ
742 688 772 706 τε
788 678 845 705 Μέ-

113 727 165 750 γην
183 718 240 749 τε“,
261 712 353 746 οὕτως
368 715 467 748 Μέγης
487 711 540 746 ἔξω
555 718 607 740 τοῦ
625 722 668 740 τε·
687 715 773 744 οὑτος
788 712 844 746 γάρ

113 751 172 777 ἐστι
193 750 350 782 Φυλείδης,
373 749 475 775 videtur
494 749 575 782 igitur
592 749 644 775 hoc
663 756 768 781 quoque
787 748 844 773 loco

112 785 262 811 Zenodotus
289 783 389 816 Μέγης
416 791 447 809 τε
474 783 620 816 scripsisse.
660 791 683 809 v.
710 782 846 807 Duentzer

112 818 232 844 Zenodot
251 827 275 851 p.
296 820 356 850 141,
380 817 502 850 Spitzner
520 817 554 842 ad
572 817 601 842 N
613 818 675 849 392,
698 816 738 841 La
756 815 846 841 Rochc

113 854 136 878 h.
152 852 182 879 T.
197 860 223 885 p.
238 853 295 879 309.
324 852 447 877 Ceterum
462 858 516 877 acc.
532 849 633 884 Μέγην
647 851 745 883 legitur
762 849 783 874 Ο
797 851 846 875 302

115 887 255 920 Τεῦκρον,
278 884 431 919 Μηριόνην
453 893 484 910 τε
507 884 609 917 Μέγην
631 884 663 917 τ’,
687 881 847 909 ἀτάλαντον

115 918 209 953 Ἄρηι,
233 920 265 945 de
289 922 400 945 accentu
423 919 456 944 cf.
476 919 559 944 schol.
583 918 616 944 ad
635 918 650 944 l.
670 917 794 947 (Dindorf
810 917 847 942 IV

110 963 134 988 p.
155 956 197 986 75)
219 951 403 987 Ἀρίσταρχος
427 950 547 986 βαρύνει
572 949 611 982 (ἇς
634 950 795 985 ,.Μέσθλην
816 958 846 975 τε

112 985 248 1014 Γλαῦκόν
262 987 319 1019 τε“,
337 987 386 1012 καὶ
406 984 527 1019 ἐπείσθη
544 983 559 1019 ἡ
579 984 749 1018 παράδοσις.
786 982 800 1010 ὁ
824 985 847 1009 δ’

112 1020 318 1055 Ἀσκαλωνίτης
332 1021 381 1046 καὶ
396 1017 480 1046 ἄλλοι
495 1023 674 1053 περισπῶσιν
689 1015 729 1048 ὡς
744 1016 848 1051 Ἑρμῆν

113 1056 161 1081 καὶ
178 1056 289 1088 Ποδῆν,
308 1054 407 1081 Herod.
427 1055 467 1081 ed.
485 1055 571 1080 Lentz
589 1055 644 1081 160
661 1056 691 1080 14
706 1061 757 1086 sq.,
772 1053 849 1079 Eust.

115 1092 188 1123 1016,
203 1092 236 1116 62
256 1086 353 1122 ἷστέρν
372 1085 417 1114 ὅτι
428 1109 434 1114 .
445 1087 642 1121 ,Ἀρίσταρχος
660 1086 712 1119 μὲν
726 1085 846 1120 βαρύνει

112 1123 163 1149 τὸν
183 1122 293 1156 Μέγην,
312 1124 334 1157 ῴ
353 1124 402 1148 καὶ
422 1122 555 1148 πείθεται
577 1120 591 1155 ἡ
612 1122 782 1154 παράδοσις.
820 1118 847 1145 οἳ

113 1156 144 1183 δὲ
167 1158 234 1190 περὶ
258 1157 442 1189 Πτολεμαῖον
464 1157 513 1182 καὶ
536 1154 744 1188 Ἀσκαλωνίτην
770 1162 848 1187 περι-

112 1195 226 1217 σπῶσιν
251 1188 289 1221 ὡς
309 1187 422 1224 Ἑρμῆν.
459 1190 491 1217 cf.
510 1190 608 1221 Lehrs,
631 1190 725 1216 Arist.‘¹
748 1197 772 1222 p.
792 1190 850 1221 299,

114 1227 152 1251 lin
163 1226 254 1251 Roche
269 1225 286 1250 l.
296 1233 318 1252 c.
331 1241 361 1243 —
373 1225 472 1258 Meges,
491 1224 583 1258 Phylei
597 1224 676 1257 filius,
691 1220 850 1251 ἀτάλαντος

117 1258 203 1292 Ἄρηι,
224 1259 277 1285 dux
296 1263 353 1285 erat
370 1259 518 1292 Epeorum,
538 1259 565 1284 N
578 1260 640 1289 692,
664 1257 708 1290 qui
728 1257 851 1282 Dulichio

115 1297 142 1319 et
153 1294 186 1319 ab
197 1293 377 1319 Echinadibus
387 1292 480 1318 insulis
492 1293 600 1318 Troiam
611 1294 744 1318 venerant.
761 1291 849 1321 8627,

116 1328 139 1352 E
152 1329 184 1354 69
199 1325 331 1360 Πήδαιον
347 1327 370 1352 δ’
387 1324 431 1359 ἄρ’
448 1323 551 1358 ἔπεφνε
564 1325 671 1358 Μέγης,
684 1321 851 1357 Ἀντήνορος

115 1359 192 1395 υἱόν,
218 1362 239 1387 Ο
254 1363 303 1388 302
328 1359 355 1386 οἱ
378 1359 431 1392 μὲν
456 1357 501 1393 ἄρ’
525 1358 597 1393 ἀμφ’
616 1356 724 1385 Αἴαντα
743 1379 749 1385 .
768 1378 774 1384 .
794 1356 851 1383 Μέ-

116 1404 169 1428 γην
196 1396 220 1420 τ’
250 1393 412 1420 ἀτάλαντον
446 1392 528 1428 ’Ἀρηι
549 1396 552 1427 Ι
573 1393 693 1433 ὑσμίνην
720 1389 850 1431 ἤρτυνον.

117 1430 138 1454 0
153 1431 203 1456 520
216 1429 263 1455 Pol
283 1429 408 1454 damanta
427 1428 526 1454 frustra
539 1428 616 1461 petit,
636 1436 670 1453 οι·
686 1425 741 1459 γὰρ
757 1423 851 1451 Ἀπολ-

114 1464 173 1489 λων
185 1463 189 1498 1
201 1460 246 1489 εἴα
285 1460 378 1488 α’νθον
394 1460 458 1488 υἱὸν
473 1460 516 1488 ἐνὶ
527 1459 706 1494 προμάχοισι
719 1462 852 1493 δαμῆναι,

115 1498 242 1523 Croesum
256 1496 390 1529 interficit,
405 1498 455 1523 528
469 1493 571 1529 Δόλοψ
590 1515 595 1521 .
615 1516 621 1523 .
643 1494 789 1520 Φυλείδαο
804 1492 851 1525 μέ-

117 1540 170 1556 σον
189 1528 280 1560 σιὶκος
299 1527 404 1556 οὔτασε
424 1529 509 1563 δουρί
526 1530 543 1563 1,
562 1532 612 1556 535
629 1531 683 1554 τοῦ
702 1527 732 1554 δὲ
752 1526 852 1560 Μέγης

117 1562 247 1598 κόρυθος
263 1562 426 1597 χαλκήρεος
442 1562 632 1596 ἱπποδασείης
648 1565 652 1596 1
667 1559 851 1596 κύμβαχον..

117 1597 175 1630 νύξ’
195 1595 275 1632 ἔγχεϊ
293 1596 434 1629 ὀξυόεντι.
473 1598 558 1625 Τ239
579 1597 722 1629 Φνλείδην
745 1605 775 1622 τε
796 1593 852 1621 Μέ-

117 1641 190 1666 γητα
216 1640 274 1658 cum
302 1632 361 1658 aliis
389 1634 571 1666 Agamemnon
597 1632 680 1665 misit,
712 1631 756 1664 qui
784 1630 853 1655 dona

115 1666 215 1693 Achilli
233 1666 366 1692 afferrent.

119 1743 134 1760 a
151 1699 430 1766 iissifff'ffi'sszviffed‘?
439 1699 565 1765 ,ἳὲιῖὶὶἓῖὶ
577 1699 782 1765 νῗῖἒὶιῙιὲὲῇζῗ-
794 1699 853 1757 3νὸοὲ

118 1770 143 1794 in
172 1769 231 1802 Od.‚
259 1755 295 1794 in’
310 1768 392 1794 Iliade
415 1768 500 1794 torma
523 1776 574 1794 non
597 1767 694 1800 legitur
720 1767 770 1792 nisi
796 1772 853 1791 voc.

118 1803 184 1835 sing.
211 1801 337 1834 μεδέων,
369 1802 396 1827 in
423 1802 527 1835 hymnis
550 1802 675 1834 leguntur
697 1807 752 1827 acc.
772 1795 853 1831 μεδέ-

120 1845 189 1862 οντα
207 1840 233 1862 et
252 1837 312 1862 fem.
332 1834 486 1868 μεδέουσα.
502 1835 635 1865 (Μεδὲων
654 1834 745 1867 partic.
765 1836 814 1866 est,
826 1835 854 1858 at

120 1879 171 1896 non
182 1874 210 1896 ut
221 1868 317 1902 μέδων
328 1870 484 1896 substantivi
494 1871 548 1896 vice
562 1869 687 1903 fungitur,
702 1868 734 1895 cf.
745 1867 854 1894 Classen

121 1904 202 1931 Bcob.
221 1913 246 1937 p.
261 1906 302 1937 46,
322 1904 418 1937 ubique
432 1904 535 1930 aceedit
549 1911 608 1937 gen.
623 1903 681 1934 loci,
700 1902 853 1936 plerumque

123 1936 249 1972 Ἴδηθεν,
277 1938 359 1964 semel
386 1938 413 1964 in
436 1938 466 1963 Il.
490 1935 634 1971 Δωδώνης
660 1936 700 1969 (Π
717 1938 793 1967 234),
821 1934 853 1960 cf.

121 1972 303 2010 Naegelsbach
322 1972 380 1998 adn.
401 1971 434 1998 ad
454 1972 480 1997 Γ
492 1973 549 2005 276,
568 1971 658 1998 Ameis
673 1970 706 1996 ad
725 1969 801 1996 eund.
816 1968 853 1994 lo-

121 2014 179 2032 cum
198 2003 336 2039 ,,Ἰδηθεν,
359 2013 399 2033 wo
422 2006 492 2032 Zeus
516 2006 584 2032 nach
604 2005 625 2031 Θ
639 2006 672 2032 48
690 2004 766 2031 einen
784 2003 855 2029 Hain

121 2040 175 2066 und
194 2041 271 2066 einen
290 2040 368 2066 Altar
390 2040 448 2073 hat,
473 2047 503 2066 so
527 2039 588 2066 dass
610 2047 638 2065 er
657 2046 707 2065 von
731 2038 791 2064 dort
808 2044 854 2062 aus

121 2075 158 2100 ais
192 2074 356 2107 Laudesgott
386 2074 515 2100 herrscht.
566 2074 620 2100 Der
651 2073 760 2099 fromme
791 2071 855 2097 Sinn

122 2108 197 2133 sucht
220 2108 272 2134 und
295 2108 378 2134 findet
400 2108 442 2133 die
462 2108 582 2134 Gottheit
604 2108 631 2133 in
650 2107 696 2133 der
714 2105 856 2132 naechsten

124 2142 289 2175 Umgebung,
304 2142 449 2168 besonders
464 2141 511 2168 auf
523 2141 751 2174 Bergeslioehen“,
778 2138 855 2165 eund.

122 2176 155 2201 ad
184 2176 209 2200 ΙΙ
227 2178 276 2202 234
305 2175 448 2216 Δωδώνης
474 2175 587 2207 μεδέων
615 2175 699 2208 „auch
726 2174 783 2200 hier
809 2172 857 2198 mit

125 2209 204 2235 ablat.
224 2210 317 2235 Genet.
337 2210 479 2243 Δωδωνης
499 2218 547 2235 von
562 2210 673 2235 Dodona
686 2209 743 2239 her,
757 2207 857 2234 seinem

125 2243 206 2283 Sitzssr⁴
242 2244 408 2269 Aristonicus
427 2245 460 2270 ad
481 2244 504 2269 Γ
517 2246 566 2270 276
586 2240 601 2276 ἡ
623 2243 709 2275 διπλῆ
729 2241 773 2269 ὅτι
794 2239 856 2266 ἀντὶ

122 2279 173 2302 τοι·1
202 2277 267 2309 Ιδης
294 2276 414 2310 μεδέων,
441 2278 475 2305 id.
504 2278 537 2303 ad
565 2278 654 2304 H202
679 2274 723 2302 ὅτι
746 2275 778 2302 τὸ
802 2276 858 2303 θεῖ

124 2308 262 2343 παρέλκει
285 2313 347 2336 νῦν·
372 2308 430 2337 ἔστι
455 2310 510 2344 γὰρ
536 2309 597 2336 ἀντὶ
627 2313 679 2336 τοῦ
705 2307 797 2343 Ἴδης,
825 2310 857 2337 cf.

124 2344 315 2370 Friedlaender
339 2345 379 2371 ed.
402 2354 427 2378 p.
451 2348 492 2377 27,
516 2345 547 2371 E.
567 2346 604 2371 M.
623 2347 681 2377 466,
701 2347 716 2371 3
743 2341 859 2376 Ἴδηθεν

123 2377 243 2418 μεδέων
261 2376 345 2419 οιζιδὲν
367 2378 463 2419 πλέονι
480 2378 611 2412 σημαίνει
636 2376 652 2412 ἢ
673 2376 687 2404 ὁ
708 2381 759 2411 τῆς
782 2375 858 2412 Ἴδης

124 2413 260 2446 βασιλεῖς
285 2421 345 2438 ενια
369 2412 423 2445 γὰρ
449 2422 464 2438 ο
489 2412 609 2446 ποιητὴς
632 2415 689 2438 τῶν
708 2410 741 2439 ὲκ
760 2411 858 2439 τόπων

125 2444 331 2479 ἐπιρρημάτων
355 2444 416 2472 ἀντὶ
440 2450 556 2480 γενικῆς
583 2445 684 2473 τάσσει
713 2446 858 2477 πτώσεως.

126 2481 165 2506 La
182 2480 273 2506 Roche
291 2480 324 2505 ad
344 2481 370 2505 Γ
383 2477 575 2514 276ΞἼδης).
591 2496 623 2500 —
637 2481 695 2514 Qui
713 2481 859 2507 modera-

125 2518 189 2547 tur,
213 2514 269 2540 der
292 2515 453 2540 waltende
476 2515 670 2548 Heri-schor,
695 2515 860 2547 Regierer.

125 2549 212 2576 Γ276
235 2550 285 2576 320
308 2548 397 2575 Η2Ο2
420 2549 448 2574 Ω
462 2551 511 2576 308
533 2550 588 2575 Ζεῦ
614 2548 717 2583 πάτερ,
733 2547 848 2584 Ἴδηθεν

688 91 805 131 ,Μέγης
828 105 867 110 -
892 87 1017 119 Μέδων

868 169 993 204 μεδέων,
1020 168 1138 197 κύδιστε
1164 169 1283 211 μέγιστε
1306 171 1324 203 Ι,
1349 170 1375 196 Π
1393 172 1442 197 234
1469 170 1524 196 Ζεῦ
1551 167 1604 197 ἄνα

868 206 1033 236 Δωδωναῖε,
1053 225 1059 231 .
1077 225 1082 231 .
1102 206 1204 238 τηλοθι
1228 205 1317 230 ναίων
1342 205 1359 238 1,
1388 203 1532 238 Δωδώνης
1554 213 1600 236 με-

870 237 958 278 δέιων,
981 238 1006 264 h.
1025 238 1109 264 Mero.
1131 241 1147 265 2
1170 239 1195 266 h.
1218 239 1308 265 XVIII
1324 241 1339 265 2
1360 234 1464 270 Ἑρμῆν
1482 258 1488 265 .
1508 258 1514 264 .
1533 238 1604 264 Κυλ-

869 273 957 305 ληνης
980 271 1122 304 μεδέοντα
1149 273 1194 298 καὶ
1221 271 1369 306 Ἀρκαδίης
1396 271 1566 304 πολυμήλου
1584 273 1603 305 Ι,

869 307 894 333 h.
918 307 984 332 Ven.
1007 308 1057 333 292
1077 308 1162 339 χαῖρε
1184 304 1252 340 θεά,
1278 304 1410 339 Κύπροιο
1434 304 1601 338 ἐυκτιμένης

869 339 1014 373 μεδέουσα
1030 341 1033 372 1
1050 340 1080 365 ci.
1099 340 1124 366 h.
1139 340 1164 365 X
1177 343 1201 367 4.
1221 356 1253 359 —
1271 340 1395 366 Doederl.
1411 339 1452 366 Gl.
1467 341 1542 366 2400.
1569 340 1601 366 E.

869 375 907 401 M.
925 376 984 406 575,
1000 377 1020 400 1.
1057 374 1118 401 Hes.

904 407 1052 435 Μεδεών.
1093 407 1188 434 Strabo
1216 408 1253 434 IX
1276 410 1327 435 410
1357 404 1481 433 Μεδεὼν
1510 415 1526 432 ο
1553 405 1605 438 μὲν

872 440 1007 471 Φωκικὸς
1025 439 1057 467 ἐν
1075 444 1115 476 τῷ
1135 441 1266 476 Κρισαίῳ
1285 441 1386 476 κόλπῳ
1407 462 1412 467 .
1431 461 1438 467 .
1458 439 1474 467 ὁ
1492 438 1523 466 δὲ
1537 441 1603 466 Βοι-

871 473 996 505 ωτιακὸς
1025 473 1073 501 ἀπ’
1102 473 1216 501 ἐκείνου
1243 474 1393 507 κέκληται,
1424 475 1548 508 πλησίον
1580 476 1604 500 δ’

871 508 950 536 ἐστὶν
962 507 1127 543 Ὀγχηστοῦ,
1142 506 1195 535 ὑπὸ
1210 512 1251 534 τῶ
1267 509 1407 535 Φοινικίω
1428 505 1498 542 ὄρει.
1519 508 1543 534 Β
1554 510 1601 535 501

871 541 903 569 οἵ
922 544 945 569 τ’
966 541 1077 569 Ἐλεῶν’
1101 544 1182 575 εἰχον
1200 563 1205 568 .

871 586 905 605 sc.
920 578 1025 611 Boeoti,
1039 577 1084 610 qui
1099 577 1214 603 Peneleo
1228 576 1357 611 Leitoque
1371 576 1479 603 ducibus
1494 576 1601 602 Troiam

871 615 1006 638 venerant.
1042 611 1118 637 Eust.
1138 612 1195 642 267,
1211 612 1251 637 30.

905 645 1060 678 μέδομαι,
1077 647 1103 677 (a
1120 644 1173 671 rad.
1193 645 1254 676 μεδ.
1270 644 1341 671 Curt.
1355 644 1412 670 Em
1426 652 1451 677 p.
1466 646 1523 677 243,
1538 643 1604 670 Fiok

873 679 928 707 W.⁸
947 680 959 705 1
982 687 1006 712 p.
1022 681 1072 706 706
1093 681 1247 711 comparant
1269 676 1422 711 μῆδ-ομαι,
1445 677 1603 712 μέδ-ιμνος,
1648 686 1650 688 ·

872 714 915 739 lat.
934 714 1051 747 mod-us,
1073 712 1200 746 mod-ius,
1223 712 1381 743 modes-tus,
1405 713 1477 744 goth.
1501 712 1603 744 mit-an,

873 747 931 774 ahd.
946 751 1059 780 mez-an,
1073 753 1182 772 messen.
1211 755 1233 772 v.
1249 746 1360 772 Lottner
1374 747 1400 772 in
1410 746 1490 772 Kuhn
1500 746 1602 772 Ztschr.

872 782 922 808 VII
938 784 994 814 175,
1013 781 1096 808 Doed,
1112 780 1152 806 Gl.
1167 781 1241 812 2400,
1255 780 1364 806 Lobeck
1379 780 1482 806 Pathol.
1497 788 1522 813 p.
1538 781 1603 811 169).

874 832 904 834 —
916 816 1054 849 Leguntur
1072 815 1185 841 formae:
1205 822 1294 847 praes.
1309 815 1375 840 coni.
1387 813 1502 847 μέδηαι,
1520 822 1604 847 -ηται,

872 849 995 881 -ώμεθα,
1027 852 1080 882 opt.
1098 848 1245 880 μεδοίατο.
1281 848 1326 874 inf.
1344 846 1494 879 μέδεσθαι.
1529 848 1605 881 impr.

873 881 1017 916 μεδέσθω.
1053 882 1127 916 impf.
1149 880 1287 914 μέδοντο,
1309 880 1462 914 μεδέσθην.
1490 881 1539 907 fut.
1561 889 1609 913 με·

874 917 1008 949 δήσομαι.
1019 932 1050 935 -
1063 915 1169 947 1)τινό
1178 925 1203 949 ς,
1218 916 1373 949 meditor,
1387 915 1507 949 cogito,
1520 923 1609 948 curo,

874 952 927 977 bin
946 951 1088 977 bedacht
1110 950 1158 976 auf
1178 954 1271 982 etwas,
1289 952 1315 982 2)
1336 949 1406 975 τινί
1423 958 1467 983 τι,
1486 950 1610 982 molior,

877 988 900 1015 1)
918 986 1003 1012 Δ418
1026 985 1112 1011 Ε718
1135 982 1295 1016 μεδώμεθα
1318 981 1461 1017 θούριδος
1486 982 1576 1016 ἀλκῆς
1593 983 1612 1016 Ι.

875 1020 899 1045 Β
920 1021 970 1046 384
993 1017 1135 1050 πολέμοιο
1159 1016 1294 1050 μεδέσθω
1316 1018 1333 1051 l,

875 1052 1041 1087 μεδήσομαι
1065 1050 1256 1084 αἱματόεντος
1272 1052 1290 1086 ὶ,
1314 1053 1331 1077 Ι
1347 1053 1397 1078 622
1420 1048 1540 1077 νόστοιο
1563 1059 1610 1082 με-

877 1086 987 1120 δοίατο,
1003 1087 1017 1112 λ
1035 1089 1083 1113 110
1101 1096 1121 1118 μ
1138 1088 1186 1113 137
1205 1085 1312 1111 νόστου
1331 1093 1360 1111 τε
1379 1084 1483 1119 μέδηαι
1499 1085 1513 1118 l,
1531 1086 1550 1118 β
1564 1085 1613 1112 358

876 1121 977 1148 κοίτου
996 1129 1027 1146 τε
1041 1119 1163 1153 μέδηται
1180 1120 1198 1153 Ι,
1217 1128 1235 1152 γ
1249 1122 1299 1146 334
1312 1118 1426 1145 κοίτοιο
1446 1117 1612 1151 μεδώμεθα,

877 1156 958 1182 Σ245
970 1151 1094 1187 δόρποιο
1106 1153 1249 1186 μέδεσθαι
1258 1151 1460 1185 Ι,Ω2δόρποιο
1471 1151 1615 1185 μέδοντοΙ,

877 1192 926 1216 613
944 1186 1114 1221 μεδώμεθα,
1135 1189 1179 1214 δῖε
1199 1186 1298 1221 γεραιέ
1314 1188 1331 1221 Ι,
1351 1187 1441 1219 σίτου,
1459 1195 1475 1212 τ
1489 1189 1536 1213 321
1558 1186 1613 1212 δεί-
1660 1196 1663 1206 ·

876 1232 961 1249 πνοιο
980 1221 1101 1256 μέδηται
1119 1223 1132 1256 Ι.
1147 1237 1179 1241 —-
1194 1220 1286 1251 2)zwl
1298 1230 1333 1254 τι,
1349 1221 1371 1247 Δ
1385 1224 1416 1248 21
1438 1221 1459 1246 Θ
1472 1222 1523 1247 458
1537 1218 1610 1246 κακὰ
1660 1218 1677 1239 -“

1323 1271 1355 1274 -
1387 1255 1464 1281 Eust.
1491 1256 1549 1288 597,
1572 1255 1611 1281 25.
1662 1279 1664 1282 ,

878 1256 908 1283 δὲ
940 1255 1071 1289 Τρώεσσι
1105 1254 1252 1289 μεδέσθην
1271 1255 1285 1296 l.

877 1293 934 1323 781,
949 1293 989 1317 23.
1026 1290 1098 1317 Suid.
1117 1291 1178 1316 Hes.
1198 1291 1319 1321 (μεδέων
1336 1287 1452 1321 μέδων.)

910 1323 1023 1357 μέδων
1036 1327 1063 1357 (a
1077 1324 1131 1350 rad.
1147 1325 1201 1356 μεδ
1216 1332 1286 1354 curo.
1306 1324 1422 1356 consulo,
1441 1331 1464 1348 v.
1479 1320 1601 1354 μέδομαι

878 1360 950 1385 Curt.
973 1359 1030 1384 Et.⁶
1053 1360 1086 1385 62
1110 1360 1160 1384 243
1183 1360 1240 1384 655.
1277 1357 1451 1390 Participium
1471 1359 1526 1389 est,
1545 1341 1614 1389 quoti

877 1392 1033 1419 substantivi
1052 1393 1107 1418 vice
1126 1392 1251 1425 fungitur,
1270 1391 1351 1417 semel
1371 1393 1436 1424 sing.
1455 1398 1473 1416 α
1491 1392 1532 1423 72,
1550 1390 1610 1416 reli-

878 1427 935 1460 quis
954 1426 1074 1452 omnibus
1098 1426 1162 1452 locis
1185 1426 1253 1458 plur.
1277 1426 1374 1457 legitur
1392 1432 1451 1450 cum
1471 1421 1610 1457 ἡγήτορες

878 1461 1046 1487 coniunctum
1064 1461 1092 1486 in
1111 1460 1183 1485 exitu
1203 1466 1309 1492 versus3
1328 1459 1427 1491 ubique
1445 1458 1548 1484 accedit
1565 1465 1609 1491 ge-

878 1498 931 1521 net.
955 1495 1056 1528 gentis,
1085 1502 1102 1519 α
1121 1496 1154 1520 72
1177 1490 1247 1523 ἁλὸς
1271 1490 1463 1526 ἀτρυγέτοιο.)
1501 1492 1612 1518 Formae

879 1530 1013 1562 leguntur:
1038 1526 1179 1560 μέδοντος
1203 1536 1220 1552 α
1239 1529 1287 1560 72,
1310 1526 1448 1558 μέδοντες
1466 1526 1546 1552 vicies
1563 1529 1611 1558 ter,

878 1564 1020 1594 μέδοντας
1035 1572 1050 1595 η
1068 1563 1123 1589 136.
1134 1576 1166 1580 -
1177 1561 1234 1594 Qui
1249 1565 1352 1590 curat.
1366 1561 1522 1594 consulit,
1537 1560 1613 1592 dux,
1664 1568 1684 1584 η

878 1600 1074 1658 irmigi
1087 1626 1613 1670 2.

879 1673 963 1697 τορες
983 1662 1034 1697 ήδὲ
1052 1663 1191 1695 μέδοντες
1207 1665 1210 1694 Ι
1226 1663 1257 1689 cf.
1279 1663 1307 1687 Ψ
1319 1664 1367 1690 573
1387 1661 1449 1687 ἀλλ’
1469 1659 1545 1694 ἄγετ’
1562 1661 1613 1695 Αρ-

881 1698 970 1731 γείων
986 1693 1011 1729 ἦ,
1028 1697 1052 1731 ἦ.
1068 1707 1095 1729 μ,
1131 1698 1156 1722 Λ
1171 1699 1221 1724 816
1241 1698 1255 1722 λ
1270 1698 1319 1723 526
1338 1697 1458 1721 Δαναῶν
1472 1691 1613 1729 ἡγήτορες

880 1731 932 1765 ἠδὲ
959 1731 1097 1764 μέδοντες
1114 1733 1131 1765 Ι,
1159 1731 1187 1756 K
1204 1733 1251 1757 301
1282 1731 1307 1757 Ξ
1327 1733 1375 1757 144
1406 1727 1513 1772 Τρώων
1540 1726 1564 1770 ἦ.
1590 1728 1613 1761 ἢ.

879 1765 1024 1799 μέδοντες,
1044 1766 1076 1791 Μ
1089 1768 1138 1792 376
1158 1762 1276 1797 ἴφθιμοι
1293 1763 1413 1789 Λυκίων
1428 1774 1452 1797 η,
1473 1763 1498 1797 ἦ.
1517 1764 1616 1795 μέδον-

879 1809 934 1832 τες,
955 1801 979 1826 ΙΙ
995 1802 1043 1826 164
1058 1796 1259 1832 Μυρμιδόνων
1278 1794 1302 1831 ἡ.
1323 1797 1347 1831 ή.
1367 1797 1512 1830 μέδοντες,
1532 1807 1548 1830 η
1566 1799 1611 1824 186

880 1836 900 1860 θ
917 1838 945 1861 11
965 1836 998 1861 26
1016 1836 1048 1860 97
1067 1836 1116 1860 387
1135 1835 1185 1860 536
1209 1842 1223 1857 ν
1243 1834 1291 1859 186
1309 1834 1373 1866 210,
1385 1829 1523 1864 Φαιήκων
1546 1827 1611 1864 ἡγή-

880 1877 963 1901 τορες
983 1867 1033 1901 ἠδὲ
1052 1867 1188 1899 μέδοντες
1205 1867 1218 1900 1.
1245 1876 1261 1899 η
1279 1868 1326 1893 136
1346 1866 1412 1899 εὑρε
1428 1865 1459 1892 δὲ
1476 1864 1610 1898 Φαιήκων

883 1900 1025 1936 ἡγήτορας
1049 1900 1101 1935 ἠδὲ
1124 1901 1266 1933 μέδοντας
1282 1900 1294 1933 Ι.
1319 1914 1350 1919 --
1374 1908 1392 1925 α
1410 1902 1443 1926 72
1462 1896 1611 1933 Φόρκυνος

881 1935 1031 1969 θυγάτηρ,
1068 1932 1138 1965 ἁλὸς
1171 1932 1343 1968 ἀτρυγέτοιο
1375 1933 1516 1966 μέδοντος
1540 1933 1554 1966 Ι.
1588 1941 1609 1959 v.

882 1971 984 2004 Kayser
1007 1969 1067 1995 adn.
1091 1969 1197 1995 criticae
1219 1969 1254 1995 ad
1278 1967 1325 1994 Od.
1349 1968 1499 2001 exordium,
1526 1968 1610 2000 Sagan

884 2007 956 2035 1679,
971 2013 995 2037 p.
1007 2006 1030 2030 7.
1058 2003 1185 2036 Retzlaff,
1204 2003 1264 2035 Syn.
1280 2002 1291 2028 I
1306 2010 1331 2035 p.
1348 2004 1386 2029 13.
1417 2002 1491 2028 Eust.
1511 2002 1566 2035 175,
1581 2002 1609 2027 11

883 2038 915 2064 ad
943 2038 967 2063 Β
991 2039 1024 2064 79
1051 2038 1187 2071 δηλοῦται
1206 2057 1212 2062 .
1237 2058 1243 2064 .
1263 2035 1310 2062 διὰ
1338 2038 1389 2061 τοῦ
1416 2034 1554 2068 μέδοντες
1578 2033 1610 2060 τὸ

882 2070 1072 2106 βουλευτικὸν
1095 2069 1152 2097 ἀπὸ
1177 2073 1229 2097 τοῦ
1254 2068 1338 2103 μήδω
1366 2070 1399 2095 τὸ
1427 2066 1610 2103 βουλεύομαι.

884 2105 918 2131 οὗ
934 2103 988 2138 γὰρ
1004 2103 1097 2137 μόνον
1112 2100 1247 2139 ἡγεῖσθαι
1263 2104 1313 2130 τὸν
1328 2101 1453 2137 ἄρχοντα
1466 2101 1521 2136 χρὴ
1542 2098 1611 2128 ἀλλὰ

883 2138 933 2166 καὶ
951 2139 1121 2173 πρόβουλον
1140 2141 1221 2165 εἰναι.
1257 2147 1280 2165 v.
1300 2139 1376 2164 eund.
1392 2139 1450 2171 781,
1465 2140 1504 2165 25.
1531 2136 1561 2163 E.
1575 2135 1610 2163 M.

884 2176 941 2207 575,
955 2176 971 2200 8
987 2171 1002 2206 ἢ
1018 2169 1096 2206 παρὰ
1111 2171 1144 2199 τὸ
1163 2171 1254 2206 μὴδω,
1273 2171 1305 2198 τὸ
1325 2168 1512 2206 βουλεύομαι,
1525 2168 1610 2202 μέδω,

885 2210 928 2238 οἱς
952 2205 1106 2241 εὐβουλίας
1129 2209 1186 2240 δεῖ,
1210 2203 1280 2233 ὅθεν
1302 2207 1352 2231 καὶ
1371 2202 1552 2240 βουληφόροι
1570 2202 1610 2230 λέ-

885 2248 999 2301 γονᾱταίἰ·
1023 2242 1073 2267 καὶ
1100 2240 1238 2273 μέδοντες
1269 2238 1444 2274 πρόβουλοι,
1474 2239 1612 2273 βασιλεῖς.

885 2277 929 2302 Sui
950 2297 955 2303 .
1001 2283 1037 2302 es.

919 2308 1042 2337 Μέδων
1067 2309 1212 2341 (μέδομαι)
1241 2310 1265 2341 1)
1287 2308 1360 2335 Oelei'
1386 2306 1456 2334 filius
1482 2314 1497 2333 e
1513 2305 1611 2335 peuiee.

886 2345 910 2370 B
934 2346 983 2371 727
1010 2341 1122 2376 Ὀιλῆος
1150 2342 1240 2373 νόθος
1263 2339 1326 2373 υὶός
1346 2343 1362 2376 l,
1391 2340 1443 2368 τόν
1465 2339 1491 2375 ῥ’
1518 2337 1612 2367 ἔτεκεν

883 2376 962 2411 Ῥήνη
978 2375 1023 2402 ὑπ’
1037 2375 1125 2410 Ὀιλῆι
1142 2375 1329 2410 πτολιπόρθῳ
1350 2381 1353 2409 Ι
1369 2376 1401 2403 cf.
1416 2377 1444 2402 N
1456 2376 1505 2402 695
1521 2374 1542 2400 Ο
1555 2375 1612 2406 384,

885 2412 1039 2445 PhyIacam,
1058 2412 1085 2437 in
1103 2412 1196 2437 urbem
1215 2411 1381 2444 Thessaliae,
1400 2408 1550 2442 confugerat
1567 2404 1610 2433 ἄν·

887 2447 941 2483 δρα
959 2443 1101 2475 κατακτάς
1119 2447 1136 2478 l,
1155 2443 1266 2477 γνωτὸν
1283 2448 1421 2478 μητρυιῆς
1437 2439 1610 2476 Ἐριώπιδος,

887 2478 920 2513 ἢν
938 2477 977 2513 ἔχ’
995 2477 1114 2512 Ὀιλεύς,
1136 2480 1163 2505 Ν
1181 2480 1237 2506 696.
1273 2479 1434 2505 Philoctetae
1451 2477 1510 2502 loco
1529 2476 1555 2501 in
1574 2475 1610 2501 in·

887 2514 945 2540 sula
962 2514 1061 2540 Lemno
1081 2514 1165 2540 relicti
1184 2514 1223 2539 eis
1242 2516 1375 2547 praeerat,
1393 2512 1437 2547 qui
1453 2509 1610 2542 Methonem‚

886 2548 1082 2581 Thaumaciam,
1125 2548 1298 2582 Meliboeam,
1317 2547 1428 2574 Olizona
1457 2543 1612 2576 incolebant,

1225 535 1241 569 .’
1248 541 1384 576 Ὠκαλέην
1392 535 1397 544 ’
1406 540 1549 568 Μεδεῶνά
1573 550 1604 568 τε
1658 555 1664 566 i

1361 1019 1381 1044 Ι
1395 1020 1445 1045 650
1466 1015 1613 1049 πολέμοιο·
1658 1035 1660 1041 .
1678 1001 1684 1040 ἑ

1645 0 1681 403 W
