1684 2778
128 99 189 130 828
718 96 826 134 κλιτὺς
849 115 887 119 —
911 97 1035 129 κλονέω

128 182 271 214 [κλισμοῖς
282 182 320 215 Q),
336 180 500 208 schol.He'x
515 179 688 213 τοῧθρόιυυ
702 178 864 213 προσφυής,
892 179 926 205 τὰ
953 179 1006 212 μὲν
1036 177 1175 206 άνωτάτω
1208 177 1380 214 ἀκρώρειαι,
1409 180 1445 206 τὰ
1473 179 1504 207 δὲ
1529 178 1621 215 ὑψηλὰ

127 215 162 241 cf.
180 224 202 242 v.
223 217 279 242 123.
315 216 400 241 Sensu
418 216 513 241 latiore
536 222 601 240 voce
623 211 742 245 κλισμός
760 213 865 240 videtur
891 214 1020 247 σκοπιαί,
1049 214 1084 240 τὰ
1112 213 1144 240 δὲ
1170 213 1354 248 προνευκότα
1379 217 1504 249 πρῶνες,
1529 216 1565 242 τὰ
1590 215 1621 244 δὲ

127 257 189 275 usus
212 257 269 276 esse
292 253 383 283 poeta:
411 250 436 274 A
460 251 508 275 623
536 247 565 278 ἐς
589 247 701 279 κλισίην
728 244 864 278 ἐλθόντες
890 247 1046 280 κεκλιμένα
1064 247 1189 281 κλιτύες,
1213 245 1248 273 τὰ
1269 247 1300 273 δὲ
1318 247 1428 282 βάσιμα
1449 250 1569 284 βῆσσαι,
1587 249 1622 277 τὰ
1663 268 1666 282 ,

126 281 174 316 ἐπὶ
193 285 340 315 κλισμοῖσι
354 284 487 315 καθῖζον,
510 282 542 308 cf.
562 290 583 307 v.
602 284 652 308 645
676 280 732 306 ἀπὸ
753 280 864 315 θρόνου
892 280 924 307 δὲ
936 283 1023 307 κοῖλα
1037 278 1115 316 ἄγκη,
1133 280 1167 308 τὰ
1187 280 1217 307 δὲ
1236 280 1396 315 σύνδενδροι
1415 281 1513 316 νάπαι,
1533 283 1568 310 τὰ
1591 283 1622 311 δὲ
1648 287 1650 289 ’

128 318 205 348 ὦρτο
225 319 355 350 φαεινοῦ,
374 317 460 343 9597
481 314 559 348 ἕζετο
575 313 640 340 δ’ἐν
653 316 764 350 κλισμῷ
778 317 865 341 πολυ-
891 313 968 341 κάτω
986 317 1199 350 πρυμνωρειαι,
1222 314 1238 349 ἡ
1264 314 1296 341 δὲ
1318 314 1396 349 παρὰ
1414 319 1478 347 ταῖς
1494 325 1622 351 πρυμνο-
1644 297 1650 330 ν
1682 326 1684 331 ·

128 350 269 385 δαιδάλῳ,
288 351 346 377 coll.
365 360 387 376 v.
407 352 456 377 515
475 347 532 376 άπὸ
551 347 663 382 θρόνου
683 349 769 383 ω’ρτο,
787 349 864 375 Eust.
892 351 986 383 ρείαις
1009 350 1111 381 πεδιὰς
1133 350 1291 383 παρόριον,
1315 350 1389 377 Eust.
1410 352 1488 384 1066,
1509 353 1545 384 24,
1565 350 1622 378 ἰσο-
1643 352 1649 368 ⁴
1682 350 1684 363 ²

129 387 206 418 1366,
230 388 262 412 59
290 378 344 417 ὅρα
366 382 523 416 ταύτότητα
547 380 587 413 ὠς
610 380 641 408 ἐν
667 383 864 419 πολτωνυμίᾳ,
892 385 1016 416 δυνάμει·
1043 384 1193 410 κεκλίσθαι
1225 384 1275 409 καὶ
1307 381 1494 417 ἀνακεῖσθαι,
1525 386 1565 411 ὠν
1590 384 1621 412 ἐκ

127 419 251 452 θρόνου,
272 419 378 452 δίφρου
397 418 446 443 καὶ
464 419 589 457 κλισμοῦ
607 436 613 442 .
633 437 638 443 .
658 413 702 442 ὅτι
722 418 769 450 θρ.
788 416 866 451 λέγε·
890 420 944 443 τοῦ
961 417 1014 455 μὲν
1034 415 1049 449 ἡ
1069 416 1175 451 κλιτός,
1194 415 1226 444 ἐκ
1245 416 1277 444 δὲ
1295 420 1348 443 τοῦ
1367 415 1469 451 ἑτέρου
1482 416 1514 444 τὸ
1529 416 1620 453 ἄγκος.
1642 439 1644 441 »

127 461 173 478 ται
194 450 209 478 ὃ
228 453 279 485 κλ.,
299 450 385 481 αὐτὸς
404 449 419 477 ὁ
439 459 558 483 ποιητης
577 448 703 476 ἐνταῦθα
722 452 812 484 δηλοῖ,
831 451 864 478 cf.
892 452 1012 478 Schmidt
1030 452 1126 486 Synon.
1141 454 1182 486 99,
1196 454 1212 479 6
1230 452 1340 485 interpr.
1360 452 1402 478 ein
1421 453 1561 479 senkrecht
1576 453 1621 480 ab·
1640 446 1649 470 P
1680 457 1684 467 ¹

128 486 246 512 Grashof
265 486 393 518 Hausger.
416 493 442 518 p.
461 488 476 511 7
498 485 558 511 adn.
578 487 602 518 7,
625 484 811 518 Peppmueller
833 486 863 511 11.
891 485 1023 512 fallender
1036 486 1138 519 Huegel
1158 486 1200 512 od.
1214 486 1291 519 Berg.
1307 501 1338 504 —
1359 486 1386 511 11
1399 488 1450 513 390
1466 486 1574 517 πολλὰς
1591 486 1620 514 δὲ
1640 488 1648 532 ᾗ
1679 485 1684 499 ’·

126 520 215 546 XXIV
233 529 258 554 p.
268 522 325 547 285.
357 520 478 552 Iungitur
496 518 576 551 igitur
593 518 714 551 κλισμός
732 527 791 546 cum
810 520 864 553 epi·
890 520 985 551 (brevis
1003 520 1103 546 vocalis
1122 523 1184 546 ante
1202 520 1245 545 κλ.
1264 520 1427 553 producitur)
1443 521 1539 551 κλιτῦς
1556 519 1620 547 ἄπο-
1642 539 1647 556 .-
1676 522 1680 527 ’

126 554 208 580 thetis
224 552 348 587 χρύσεος
366 552 398 582 (Θ
412 555 479 586 436),
497 552 631 592 ποικίλος
647 554 676 585 (α
692 556 757 586 132),
775 555 865 579 πολυ-
890 553 1032 587 τμήγουσι
1053 551 1212 588 χαράδραι,
1234 554 1280 579 ubi
1299 561 1387 580 sermo
1406 558 1445 580 est
1463 554 1496 580 de
1513 553 1622 582 flumini-

128 588 266 617 δαίδαλος
283 588 321 620 (Ω
339 588 405 619 597),
424 595 545 620 φαεινος
562 587 597 619 (h.
617 587 676 614 Cer.
697 589 761 619 193).
891 588 941 614 bus
959 588 1164 619 exundantibus,
1183 595 1293 621 quorum
1310 591 1443 614 torrentes
1461 588 1621 616 vehemente·

161 621 275 654 κλῖτύς
297 621 362 653 (rad.
386 621 445 654 κλι,
468 621 571 653 κλίνω,
597 621 644 647 lat.
667 622 763 654 clivus,
790 622 862 655 goth.
890 625 1018 655 vagantes
1044 622 1202 648 abscindunt
1228 621 1288 648 loca
1314 622 1434 649 editiora.
1478 622 1643 650 Damni-:-

128 656 222 689 mains,
237 656 317 688 hlaiv,
335 655 374 680 lit.
390 655 508 681 szlaitas:
529 655 600 681 Curt.
615 655 660 682 Et.
677 659 733 689 150,
753 656 863 682 Corssen
890 660 1003 689 possunt
1019 655 1133 682 fortasse
1148 659 1175 681 et
1193 663 1252 681 esse
1270 656 1364 689 moles,
1383 656 1469 682 fluviis
1483 656 1620 692 oppositae,
1641 675 1644 678 -
1679 681 1682 687 ,

127 692 244 723 Ausspr.‚
256 689 335 715 Ἶοε.2
352 689 364 714 I
383 690 441 722 536,
459 689 527 715 Fick
545 689 717 722 Spracheinh.
739 692 787 717 124
805 692 864 722 232,
891 697 925 716 ne
943 689 1070 716 inundent
1088 689 1239 716 adiacentes
1256 697 1340 723 agros.
1377 698 1391 715 ε
1409 692 1460 717 470
1482 687 1511 721 ἐς
1527 688 1621 718 κλιτὺν
1639 692 1647 703 ·’
1666 693 1676 698 “’

128 724 158 750 L.
177 724 270 757 Meyer
288 723 337 755 vgl.
358 722 402 748 Gr.
422 723 433 748 1
452 725 484 750 28
502 724 565 756 348,
583 724 728 750 Bechstein
745 724 773 750 in
792 724 863 750 Curt.
892 721 1001 758 ἀναβὰς
1026 724 1077 749 καὶ
1103 720 1180 755 ὓλην.
1203 739 1235 742 -
1262 723 1371 757 Legitur
1397 725 1440 751 κλ.
1467 727 1529 758 post
1553 725 1620 752 arsin
1637 743 1641 746 -

128 757 202 784 Stud.
217 757 281 783 VIII
303 758 366 789 3933
393 756 508 783 Corssen
534 757 561 783 in
587 757 667 784 Kuhn
694 758 797 785 Ztschr.
825 758 863 783 111
891 761 915 785 2.
933 758 1014 792 pedis.
1673 769 1677 773 ·

129 794 177 818 261
196 791 296 817 iudicat
313 794 376 817 nata
395 798 452 817 esse
467 791 551 817 clivus
565 794 592 817 et
605 790 701 823 κλιτύς
716 800 749 818 ex
763 792 864 818 clinvus
925 791 1054 819 κλονέω
1085 794 1110 823 (a
1140 788 1244 822 κλόνος
1275 799 1300 825 q.
1327 793 1367 824 v.).
1410 792 1547 825 Leguntur
1573 794 1620 820 net.
1639 808 1642 813 ·
1671 798 1673 800 ’

128 829 154 852 et
176 824 302 858 κλιντύς,
329 825 375 851 sed
397 832 457 851 cum
483 833 569 858 neque
590 826 651 852 Lat.
674 834 759 860 neque
783 825 865 852 Grae·
891 834 975 859 praes.
994 824 1107 852 κλονέει
1126 827 1151 851 Λ
1171 827 1233 859 526,
1251 826 1316 853 coni.
1335 824 1417 852 -έωσι
1438 826 1460 852 0
1477 827 1540 859 324,
1556 829 1619 858 pm.
1636 827 1638 838 ²
1674 825 1684 841 ¹³

127 867 173 886 cae
187 867 263 886 voces
276 859 393 885 nasalem
407 860 551 893 amiserint,
565 867 619 886 nou
633 867 649 886 a
662 860 716 886 rad.
731 861 804 893 κλιν,
819 859 865 886 sed
892 859 960 886 -έων
978 861 1004 886 Λ
1022 862 1073 887 496
1095 860 1178 886 Υ492
1199 860 1225 885 Φ
1243 862 1292 887 533
1311 860 1340 886 Χ
1355 862 1411 892 188,
1429 859 1527 886 -έοντα
1543 860 1569 886 E
1581 861 1619 896 96,
1636 863 1639 878 1

127 902 144 920 a
165 895 211 919 κλι
240 893 386 920 derivanda
408 901 440 920 ea
462 901 522 920 esse
549 893 612 919 dicit
638 895 773 928 Brugman
792 896 865 920 Curt-
891 893 984 920 -έοντε
1005 895 1034 919 Ψ
1048 896 1107 925 213,
1125 892 1238 924 -έοντας
1257 895 1282 921 Ξ
1300 896 1332 921 14
1352 894 1374 920 0
1392 897 1416 921 7.
1451 894 1523 921 Pasa.
1540 901 1619 928 prou.

128 928 202 954 Stud.
221 928 259 954 IV
282 930 327 961 75,
350 927 409 954 adn.
434 930 477 961 113
504 927 582 954 Pauli
608 928 636 954 in
658 929 739 955 Kuhn
760 928 863 954 Ztschr.
891 927 1062 954 κλονέονται
1081 928 1152 955 Ξ59
1171 929 1233 961 Σ7,
1251 927 1297 954 inf.
1316 926 1428 954 -έεσθαι
1443 929 1466 954 Δ
1479 930 1536 962 302,
1553 928 1587 954 im

127 962 217 988 XVIII
228 964 260 988 23
279 962 412 995 componit
425 969 485 988 cum
498 961 543 988 lat.
557 962 628 995 litus,
647 963 717 995 quod
736 970 767 989 ex
787 962 865 988 clitus
891 961 1048 988 κλονέοντο
1075 963 1168 988 sexies.
1208 962 1238 988 In
1264 962 1348 989 Iliade
1374 962 1455 996 igitur
1480 965 1522 989 est

127 996 162 1023 sit
189 999 289 1029 ortum,
315 995 362 1022 sed
383 1004 406 1023 v.
430 996 502 1022 Curt.
524 996 568 1022 Et.
596 998 653 1023 393.
694 997 865 1030 Scripserunt
891 997 982 1030 vicies,
1009 1004 1136 1030 nusquam
1158 996 1185 1022 in
1208 996 1267 1029 Od.,
1290 1004 1384 1029 nusqu.
1407 997 1434 1022 in
1455 996 1570 1031 hymnis,
1589 995 1618 1025 d.

127 1027 241 1060 κλειτύς
261 1033 352 1063 utpote
371 1037 387 1056 a
404 1029 506 1060 κλετός
527 1030 578 1062 (vel
596 1029 710 1061 κλέταςε
733 1031 770 1057 sic
788 1031 864 1057 Eust.
891 1031 1082 1057 Friedlaender
1101 1033 1116 1057 2
1134 1030 1204 1056 hom.
1216 1031 1410 1057 Woerterverz.
1424 1032 1482 1058 797.
1513 1030 1619 1057 Fon-nn
1678 1038 1681 1041 ⁴

131 1065 204 1098 1066,
220 1066 261 1096 18)
279 1068 367 1090 ortum
384 1064 484 1091 Herod.
505 1064 545 1090 ed.
560 1064 645 1090 Lentz
659 1065 684 1090 11
699 1067 757 1098 535,
772 1067 813 1097 20,
831 1064 864 1091 E.
891 1063 1018 1098 κλονέει,
1041 1064 1123 1097 ε’ωσι,
1147 1063 1203 1090 ε’ων
1226 1072 1317 1091 omnes
1338 1068 1399 1098 post
1420 1065 1492 1090 arsin
1509 1067 1533 1091 2.
1550 1063 1619 1098 peis·
1669 1060 1678 1076 “·

126 1099 164 1124 Μ.
183 1099 242 1131 519,
260 1100 300 1131 46,
320 1098 374 1124 cod.
386 1098 464 1125 Vind.
483 1098 517 1124 ad
535 1098 564 1123 11
575 1100 637 1130 390,
657 1099 689 1125 cf.
707 1099 739 1126 E.
755 1099 785 1125 G.
805 1101 864 1131 328,
891 1107 956 1131 (exc.
974 1099 1002 1125 Χ
1018 1101 1074 1131 188,
1097 1099 1141 1124 ubi
1159 1102 1261 1125 tantum
1279 1102 1320 1125 est
1336 1102 1398 1132 post
1414 1098 1486 1125 arsin
1499 1100 1523 1125 3.
1669 1127 1676 1137 r

130 1134 174 1164 183
197 1132 283 1159 Cram.
306 1139 347 1158 an.
368 1132 414 1159 Ox.
438 1132 464 1158 11
486 1134 535 1159 303
558 1131 594 1157 τὰ
617 1131 659 1163 εἰς
683 1142 716 1163 υς
738 1132 865 1167 λήγοντα
891 1137 1031 1167 praeterea
1057 1133 1085 1158 Σ
1101 1135 1117 1160 7
1146 1133 1172 1158 Φ
1190 1134 1252 1166 528,
1279 1136 1384 1159 ceterae
1406 1132 1508 1159 formae
1533 1135 1619 1167 aut„-
1677 1147 1684 1163 3

127 1165 258 1198 ὀνόματα
282 1166 328 1192 διὰ
346 1168 400 1192 τοῦ
423 1176 431 1191 ι
454 1163 616 1200 γράφονται
639 1165 714 1192 κατὰ
735 1168 788 1200 τὴν
814 1175 864 1192 πα·
892 1169 944 1194 fine
961 1175 1051 1194 versus
1068 1168 1129 1199 (ter)
1146 1170 1192 1193 aut
1213 1170 1273 1200 post
1295 1167 1366 1193 arsin
1384 1169 1408 1194 4.
1426 1166 1503 1200 pedis
1518 1165 1618 1200 (octifl)
1672 1177 1684 1197 ,υ

129 1199 316 1234 ραλήγουσαν
338 1200 389 1226 καὶ
408 1198 462 1226 οὐκ
481 1197 539 1233 ἔχει
554 1200 719 1234 δίφθογγον
732 1202 784 1234 τὴν
798 1209 824 1227 ει
839 1220 844 1226 .
859 1221 866 1227 .
892 1202 1002 1228 Vocalis
1024 1201 1112 1227 brevis
1134 1204 1196 1227 ante
1221 1201 1264 1228 κλ.
1291 1201 1412 1227 omnibus
1439 1201 1505 1227 locis
1531 1208 1548 1234 p
1601 1204 1615 1236 ‘j
1681 1224 1684 1227 .

127 1235 218 1269 χωρὶς
235 1237 288 1260 τοῦ
306 1233 432 1265 κλειτός·
454 1237 541 1261 τοῦτο
560 1235 615 1268 γὰρ
636 1234 684 1260 διὰ
708 1237 802 1268 διφθ.,
827 1231 867 1265 ὥς
892 1236 970 1263 citur.
990 1251 1021 1254 —
1039 1235 1213 1262 Tumultuose
1231 1235 1313 1268 agito,
1330 1234 1470 1269 proturbo,
1489 1241 1539 1261 con
1613 1236 1616 1241 “
1679 1263 1684 1266 ,

128 1278 213 1302 φησιν
231 1265 420 1302 Ἡρωδιανός,
443 1269 475 1296 cf.
496 1269 582 1295 Lentz
605 1269 630 1294 11
652 1271 715 1303 416,
738 1272 777 1297 15.
813 1269 865 1295 Le·
892 1271 963 1303 fugo.
1008 1269 1072 1296 Hes.
1098 1277 1150 1295 non
1177 1269 1263 1296 solum
1288 1266 1440 1302 ταράσσει,
1472 1268 1519 1295 sed
1547 1264 1618 1298 etih*-

127 1306 226 1336 guntur
248 1311 301 1330 acc.
324 1303 389 1336 sing.
412 1299 530 1328 κλιτύν
553 1307 580 1329 et
603 1310 658 1329 acc.
682 1305 717 1337 pl.
736 1305 864 1334 κλιτῦς.
892 1303 1024 1338 φθείρει,
1047 1305 1148 1337 φοβεῖ,
1171 1307 1197 1329 et
1215 1304 1397 1329 κλονεῖσθαιι
1420 1301 1630 1337 ταράσσεσθῂ,

128 1346 145 1362 υ
168 1338 196 1363 in
218 1335 318 1362 κλιτύν
343 1336 501 1370 productum
528 1340 682 1364 constanter
709 1345 766 1364 esse
793 1342 866 1364 recte
892 1339 1102 1372 θορυβεῖσθαι,
1135 1337 1327 1370 φθείρεσθαι,
1358 1336 1547 1371 σπέρχεσθαι,
1579 1336 1606 1372 v*

129 1371 320 1398 demonstravit
333 1371 428 1397 Har-tel
446 1371 514 1397 hom.
529 1371 603 1398 Stud.
618 1371 631 1396 I
647 1373 707 1405 105,
725 1371 821 1398 Herod.
836 1372 866 1397 11.
893 1373 971 1406 Soph.
996 1374 1056 1404 100,
1080 1374 1113 1398 29
1140 1375 1167 1398 et
1193 1371 1318 1404 paraphr.
1341 1371 1372 1397 Il.
1394 1371 1528 1398 nonnullis
1549 1370 1558 1396 1
1583 1373 1630 1406 f*

128 1405 201 1432 Pros.
226 1405 255 1430 Π
274 1407 326 1432 490
351 1405 519 1431 commendat
544 1404 641 1435 κλιτύς
666 1407 717 1438 (est
739 1406 817 1432 etiam
839 1406 866 1431 in
892 1404 1103 1440 ταράσσεσθαι,
1122 1405 1155 1431 cf.
1174 1405 1205 1431 E.
1220 1405 1256 1431 M.
1271 1407 1328 1438 283,
1342 1408 1366 1432 4.
1398 1404 1517 1431 Schmidt
1529 1404 1628 1443 Syna}
1668 1422 1672 1426 Α

129 1440 185 1466 cod.
204 1439 228 1465 D
242 1439 353 1470 Townl.)
370 1443 398 1465 et
415 1437 551 1473 γραπτῦς,
569 1439 669 1466 rectius
686 1440 713 1466 in
728 1440 776 1467 Od.
790 1439 866 1466 Pros,
894 1443 954 1474 103,
979 1443 1010 1467 12
1038 1440 1102 1473 ,,κλ.
1120 1439 1184 1472 geht
1201 1440 1294 1465 immer
1312 1440 1361 1465 auf
1375 1447 1398 1466 e.
1415 1439 1512 1473 Menge
1552 1449 1590 1464 υ.
1643 1441 1649 1446 “

128 1476 256 1507 γραπτῦς
275 1476 302 1499 et
319 1474 425 1506 κλιτῦς,
443 1482 466 1499 v.
485 1473 569 1499 Lentz
588 1475 613 1500 II
634 1476 694 1507 101,
713 1476 745 1501 39
769 1476 832 1507 165,
851 1476 866 1500 2
894 1474 1013 1500 einzelne
1041 1473 1116 1499 Teile
1144 1474 1211 1499 heim
1239 1473 1484 1500 Vorwiirtsstiirzen
1514 1459 1556 1499 die
1578 1475 1602 1502 vj

129 1510 187 1541 340,
206 1509 247 1540 13,
270 1507 303 1533 cf.
321 1508 333 1533 1
352 1510 410 1540 430,
428 1509 445 1534 2
464 1507 489 1533 11
508 1510 565 1538 711,
586 1511 625 1541 13,
644 1508 712 1541 adn„
731 1508 775 1534 ubi
793 1507 867 1534 addit
893 1509 974 1535 deren
992 1516 1026 1534 an
1044 1508 1086 1534 die
1105 1508 1176 1534 Seite
1195 1508 1313 1541 drangen
1331 1516 1361 1534 u-
1374 1507 1508 1534 vielleicht
1524 1511 1591 1533 mnf:

128 1541 257 1568 Choroeb.
276 1542 304 1567 in
321 1541 362 1567 his
381 1541 483 1567 diverse
500 1542 534 1567 ab
553 1541 648 1568 Herod.
672 1550 724 1568 non
746 1542 868 1576 synaloe-
893 1542 1023 1575 werfen“,
1041 1551 1064 1568 v.
1083 1542 1163 1567 etiam
1181 1542 1212 1569 L.
1231 1542 1324 1576 Meyer
1341 1542 1391 1575 vgl.
1411 1541 1456 1568 Gr.
1474 1541 1486 1567 1
1503 1542 1564 1574 405,
1593 1568 1597 1569 ι

128 1576 208 1609 phen,
227 1575 274 1602 sed
291 1583 391 1602 meram
409 1583 468 1601 cum
485 1576 645 1602 nominativo
664 1577 867 1609 homophoniam
893 1577 984 1603 Roche
1001 1576 1044 1602 ho.
1059 1576 1096 1602 St.
1111 1576 1126 1610 ξ
1140 1578 1182 1609 77,
1196 1578 1220 1609 3,
1238 1576 1313 1602 Hoch
1331 1575 1438 1602 lexikal.
1456 1575 1529 1602 Bem.
1545 1582 1586 1601 uv·
1622 1600 1624 1604 ,

128 1611 252 1643 sumere),
275 1609 356 1636 schol.
375 1609 422 1635 BL
445 1612 472 1635 et
495 1610 618 1643 Spitzner
641 1610 674 1636 ad
692 1610 722 1636 II
742 1612 804 1643 390,
831 1610 868 1636 fe·
895 1611 919 1637 d.
942 1611 1011 1637 hom.
1035 1610 1223 1643 Sprachgebr.,
1250 1610 1328 1636 Bonn
1351 1612 1417 1637 1865
1443 1617 1469 1643 p.
1491 1608 1582 1648 ΧΙΙιι..ἱ

129 1644 228 1670 minina
246 1644 382 1670 abstracta
398 1645 426 1669 in
443 1644 644 1676 τυς(Ηε1·οᾱ.Ι
663 1646 721 1678 233,
735 1647 751 1671 7
769 1644 804 1670 τὰ
824 1642 866 1674 εἰς
895 1647 919 1677 1)
940 1646 998 1671 Act.
1031 1647 1056 1676 a)
1077 1652 1136 1670 cum
1158 1651 1214 1671 aec.
1241 1644 1267 1670 E
1287 1646 1320 1671 96
1347 1642 1398 1669 τὸν
1422 1644 1446 1669 δ’
1466 1641 1506 1674 οἷς
1526 1641 1566 1669 ἐν
1595 1654 1614 1662 ’-

129 1686 162 1708 υς
188 1676 300 1710 θηλυκὰ
328 1676 495 1704 ἐκτείνοντα
520 1675 553 1704 τὸ
577 1687 593 1703 v
618 1675 760 1710 ὀξύνεται)
781 1686 867 1712 gram·
894 1678 1007 1705 θύνοντ’
1023 1675 1062 1710 ἂμ
1084 1678 1199 1710 πεδίον,
1226 1675 1284 1711 πρὸ
1308 1674 1376 1704 ἕθεν
1397 1676 1553 1704 κλονέοντα
1578 1688 1587 1694 ff
1621 1696 1624 1703 .

128 1712 219 1738 matici
238 1712 414 1738 Aeolensibus
436 1712 627 1745 attribuerunt,
650 1721 671 1740 v.
695 1713 776 1739 schol.
793 1713 816 1739 V
834 1712 867 1738 ad
893 1714 1009 1747 λαγγας.
1045 1713 1087 1738 De
1105 1713 1192 1739 leone:
1214 1712 1236 1738 0
1254 1714 1303 1739 324
1323 1708 1362 1742 ιῖίς
1378 1712 1402 1737 τ’
1417 1709 1451 1744 ἠὲ
1468 1713 1546 1746 βοῶν
1592 1734 1594 1737 .
1622 1735 1623 1739 ,

129 1748 145 1778 ξ
162 1748 209 1779 82,
232 1746 313 1772 schol.
337 1746 361 1772 D
384 1746 418 1772 ad
436 1746 462 1772 B
480 1748 543 1780 600;
565 1746 640 1773 Eust.
662 1748 740 1780 1180,
758 1749 774 1774 7
796 1747 868 1772 hunc
893 1748 944 1779 λην
971 1744 987 1780 ἢ
1015 1749 1078 1772 πῶυ
1105 1745 1167 1780 μέγ’
1191 1744 1262 1772 οἰῶν
1288 1747 1364 1787 θῇρε
1395 1745 1454 1772 δύω
1485 1746 1591 1774 κλον,,“
1621 1746 1623 1752 ’

129 1781 345 1806 schematismum
368 1780 476 1806 Ionibus
502 1780 657 1814 assignavit,
684 1780 765 1807 schol.
788 1781 822 1807 ad
847 1781 869 1806 Τ
893 1779 996 1811 νυκτὸς
1015 1778 1134 1816 ἀμολγῷ
1151 1783 1184 1813 (v.
1198 1780 1214 1806 l.
1233 1781 1405 1814 κλονεουσι),
1423 1779 1546 1814 paraphr.
1568 1794 1594 1802 ἰ

129 1817 179 1841 234
206 1811 284 1841 ἔστιν
308 1811 323 1848 ἦ
347 1813 423 1846 λέξις
445 1812 566 1848 Ἀττική,
588 1815 620 1842 cf.
643 1815 709 1841 Lob.
733 1815 866 1848 Paralipp.
893 1814 1093 1848 ταράττουσιν.
1126 1815 1167 1841 De
1185 1814 1312 1841 nubibus:
1334 1814 1363 1840 Ψ
1378 1817 1429 1842 213
1451 1815 1497 1840 τοὶ
1514 1814 1611 1849 0⁶00<

128 1851 187 1881 440,
206 1849 332 1875 Hinrichs
350 1848 383 1875 de
402 1849 472 1875 hom.
491 1849 555 1875 eloc.
574 1849 666 1882 vestig.
684 1849 758 1875 Aeol.
775 1852 824 1876 102
834 1857 867 1882 ες
894 1847 946 1883 ἠδὲ
970 1848 1105 1882 ζέφυρος)
1127 1846 1247 1882 ὀρέοντο
1272 1847 1336 1882 ἠχῇ,
1363 1848 1454 1881 νέφεα
1475 1847 1597 1882 ael-ovs,

129 1883 162 1909 de
177 1883 257 1909 subst.
272 1883 299 1909 in
314 1891 346 1913 υς
360 1883 563 1909 terminantibus
577 1892 599 1909 v.
614 1883 866 1917 praeterLob.l.l.:
893 1881 1038 1917 πάροιθεν
1068 1883 1147 1915 (Plut.
1179 1883 1212 1908 de
1238 1883 1293 1909 vita
1318 1886 1346 1909 et
1371 1891 1397 1916 p.
1424 1882 1507 1922 Hom,
1526 1888 1549 1907 c.
1583 1884 1611 1904 ‘³1

128 1917 159 1943 L.
177 1917 270 1951 Meyer
287 1917 338 1950 vgl.
359 1917 403 1943 Gr.
423 1917 448 1943 II
467 1919 528 1951 379,
544 1917 676 1944 Woerner
698 1917 778 1944 subst.
797 1917 866 1943 hom.
894 1920 981 1951 πνοιῇ
999 1915 1055 1943 ὑπὸ
1074 1918 1179 1951 λιγυρῇ
1197 1915 1286 1950 νέφεα
1304 1915 1473 1946 κλονέοντες
1490 1918 1586 1954 omq

128 1952 172 1983 48)
202 1951 351 1985 declivitas,
378 1951 488 1978 clivus.
528 1951 560 1978 E.
583 1951 620 1978 M.
647 1953 710 1985 519,
732 1953 766 1978 46
792 1953 820 1982 (s.
844 1960 866 1977 v.
894 1951 927 1978 cf.
946 1952 1010 1977 Hes.
1028 1959 1070 1985 op.
1084 1953 1146 1984 553,
1163 1951 1239 1977 Eust.
1255 1953 1329 1984 1296,
1347 1952 1380 1978 34
1399 1948 1446 1976 ἐπὶ
1465 1951 1552 1976 διωκο
1581 1950 1588 1985 ‘s

128 1983 262 2019 κλειτύς),
290 1985 321 2012 Ε.
342 1986 372 2012 G.
391 1987 453 2019 328,
475 1987 517 2019 16,
545 1986 594 2019 Ap.
615 1985 695 2019 Soph.
716 1987 776 2018 100,
794 1988 827 2012 27
851 1982 866 2011 ὁ
893 1985 946 2018 μὲν
974 1984 1100 2026 ἀνέμων,
1128 1982 1298 2019 φευγόντων
1321 1983 1352 2011 δὲ
1379 1986 1477 2023 νεφιιῖν
1502 1979 1607 2016 dmm

129 2017 182 2051 μὲν
209 2018 313 2045 Ἀπίων
343 2018 375 2045 τὸ
409 2018 616 2052 κατα(ω)φερὲς
648 2022 708 2045 τῶν
742 2017 867 2045 ὑδάτων
893 2021 1036 2052 πολεμικη
1056 2018 1111 2053 γάρ
1130 2027 1175 2049 τις
1193 2014 1209 2052 ἢ
1225 2018 1310 2050 λέξις.
1342 2018 1369 2052 b)
1385 2018 1475 2045 Faclle
1492 2024 1522 2044 su

129 2053 319 2114 §33⁰3ssss
330 2052 683 2120 251563οέ59ῑέ
704 2052 867 2114 Ξῗὲιὶἰέἶῗ
893 2049 1568 2121 3231.&32230353‘32'552322332,

130 2121 193 2148 Hes.
219 2121 403 2154 άποκλίματα
424 2115 484 2146 τάῖν
507 2097 639 2155 όριῦνρῆ
657 2120 692 2148 τὰ
715 2109 868 2155 καταφερῆἱ
894 2130 975 2155 νους,
998 2120 1067 2152 τοὺς
1086 2120 1118 2147 δὲ
1134 2108 1315 2152 ’κλονέοντας
1333 2118 1451 2154 ὄπισθε,
1476 2119 1550 2146 Enst.
1571 2122 1592 2139 Τ
1613 2123 1615 2127 “
1655 2133 1684 2141 »Α-

129 2158 187 2180 τιῦν
206 2152 330 2181 ὑδάτων·
354 2153 370 2190 ἢ
389 2155 529 2188 κλίμακες
553 2152 569 2187 ἢ
593 2153 673 2190 ὀρῶν
695 2153 796 2190 λόφον
818 2157 868 2182 καὶ
893 2159 924 2183 41
944 2153 1050 2181 ταύτόν
1068 2154 1146 2182 ἐστιν
1165 2153 1317 2188 ὀρίνεσθαι
1330 2155 1380 2181 καὶ
1393 2153 1567 2181 κλονεῖσθαι.
1600 2160 1615 2186 ᾗ
1652 2154 1679 2178 ’.

131 2186 274 2220 αὐλῶνας·
298 2190 347 2215 καὶ
370 2189 536 2224 φάραγγας,
562 2191 689 2224 paraphr.
712 2190 742 2216 11.
766 2188 867 2224 ἐξοχὰς
894 2192 943 2217 533
960 2188 1102 2223 Ἀχιλλεὺς
1118 2187 1202 2223 ἐγγὺς
1218 2185 1269 2215 ὅδε
1285 2187 1422 2222 κλονέων,
1439 2187 1524 2228 ν.1..κ
1547 2198 1551 2207 ¹

131 2223 179 2248 καὶ
207 2221 381 2255 ἀποκλύσεις
411 2226 470 2250 τῶν
497 2222 588 2257 ὀρῶν,
620 2225 694 2251 Suid.
721 2221 868 2256 άπόκλιμα
894 2224 965 2257 quod
987 2225 1097 2258 interpr.
1120 2224 1200 2250 schol.
1219 2224 1241 2249 B
1268 2226 1345 2249 κινεῖ
1365 2223 1414 2249 καὶ
1435 2227 1570 2262 mogoda
1596 2230 1600 2234 ·

130 2257 180 2282 καὶ
203 2255 288 2290 ἐξοχὴ
310 2261 367 2283 τῶν
391 2255 483 2292 ὀρῶν,
507 2258 540 2284 cf.
558 2258 655 2285 Herod.
678 2258 718 2286 ed.
740 2259 824 2284 Lentz
844 2259 868 2284 11
893 2259 1016 2291 πλῆθος,
1033 2258 1158 2292 paraphr.
1174 2256 1355 2291 συστρέφων.
1383 2258 1469 2284 Δ496
1485 2263 1524 2286 ως
1610 2287 1612 2289 ¹
1654 2269 1684 2283 -ἀ

131 2292 193 2324 535,
212 2293 256 2324 20,
275 2292 341 2318 Ζο11.
363 2294 439 2326 1219,
462 2293 542 2320 schol.
561 2291 587 2319 A
605 2296 631 2319 et
649 2293 695 2319 BL
713 2293 747 2319 ad
765 2292 795 2318 Π
809 2294 869 2326 390,
894 2291 1024 2318 κλονέων
1048 2292 1152 2318 πεδίον
1177 2290 1243 2317 τότε
1271 2288 1342 2322 Αἴας
1368 2299 1403 2318 sc.
1429 2291 1540 2324 Τρῶας,
1677 2316 1684 2324 ,

129 2324 205 2351 Eust.
221 2327 295 2358 1066,
311 2328 354 2358 14,
373 2326 418 2359 qui
432 2326 505 2353 addit
523 2328 572 2353 καὶ
592 2324 686 2357 ἄλλως
704 2325 735 2353 δὲ
749 2324 868 2361 φράσαι,
896 2323 984 2365 ἔφεπε
1011 2326 1181 2353 referendum
1207 2329 1248 2364 est
1266 2325 1307 2365 =ad
1333 2325 1447 2365 πεδίον,
1473 2324 1516 2364 κλ.
1560 2334 1570 2342 1·
1586 2337 1593 2341 -<
1609 2323 1615 2368 ζ
1679 2340 1684 2358 .=

131 2358 159 2384 οὶ
178 2359 401 2392 προκεκλιμένοι
420 2361 469 2386 καὶ
488 2360 714 2394 προνενευκότες
734 2358 765 2386 ἐν
787 2357 867 2395 ἄκρῳ
894 2361 1025 2393 significat
1043 2361 1070 2386 in
1088 2361 1176 2393 fugam
1190 2367 1330 2393 coniciens,
1348 2363 1378 2386 ut
1395 2362 1432 2386 ait
1445 2358 1542 2391 Spsszn.
1559 2360 1613 2382 Λ
1668 2374 1677 2389 ,,-

129 2393 186 2418 τινὶ
209 2391 306 2427 τόποι,
334 2390 384 2424 οὓς
406 2392 435 2420 αὶ
456 2395 601 2429 χαράδραι
619 2394 867 2429 παρατρώγουσαι
893 2394 923 2420 Χ
950 2397 998 2421 188
1018 2390 1146 2428 Ἕκτορα
1177 2393 1200 2420 δ’
1221 2392 1364 2427 ἀσπερχὲς
1392 2389 1519 2418 κλονέων
1552 2383 1615 2416 *Ji
1662 2409 1665 2417 .

130 2425 392 2468 καταρρίπτουσιν,
419 2429 502 2455 schol.
525 2429 620 2463 EPQV
642 2429 677 2455 ad
704 2437 718 2455 ε
740 2430 792 2456 470
817 2427 870 2463 τὴν
893 2426 1041 2460 Ἀχιλλεύς.
1078 2429 1118 2454 De
1131 2432 1222 2454 vento:
1244 2428 1324 2455 Y492
1342 2426 1432 2460 πάντῃ
1452 2424 1484 2451 δὲ
1499 2424 1544 2450 22.
1573 2434 1579 2439 -,
1672 2450 1675 2457 λ

131 2461 244 2494 υψηλὴν
260 2459 424 2495 πρόσβασιν
446 2465 499 2488 τοῦ
518 2460 606 2497 ὄρους
628 2464 677 2496 (sic
695 2463 775 2490 etiam
793 2463 868 2490 Eust.
895 2459 1001 2494 ἄνεμος
1019 2460 1115 2496 φλόγα
1133 2459 1291 2495 εἰλνφάζει,
1309 2461 1432 2495 paraphr-
1451 2465 1567 2500 ‘tyno‘

133 2497 210 2528 1546,
229 2496 278 2528 50),
296 2494 349 2529 τὴν
367 2494 533 2530 ἀκρώρειαν
552 2495 568 2531 ἢ
587 2495 639 2531 τὴν
657 2494 818 2531 ἀπόκλισιν,
836 2496 868 2524 cf.
895 2498 920 2529 2)
937 2496 1008 2522 Pass.
1029 2497 1055 2523 Ξ
1067 2498 1100 2523 59
1119 2493 1327 2529 ὁπποτέρωθεν
1338 2494 1443 2528 Ἀχαιοὶ
1461 2499 1572 2527 ορινομ
1665 2505 1673 2512 s

131 2529 214 2556 schol.
241 2529 334 2563 Eurip.
365 2530 392 2556 in
419 2531 526 2564 Hippoi.
554 2534 611 2558 227.
650 2531 692 2557 De
719 2531 869 2566 synonymis
894 2529 1076 2563 κλονέονται,
1103 2531 1135 2556 cf.
1158 2539 1181 2557 v.
1204 2531 1238 2557 60
1264 2533 1290 2556 et
1311 2530 1388 2556 Eust.
1409 2529 1472 2561 966,
1493 2528 1537 2560 613
1559 2521 1585 2550 Β
1606 2541 1613 2558 ;
1655 2534 1675 2567 2¹

132 2563 195 2589 dicit
214 2563 296 2590 schol.
311 2564 333 2589 Β
346 2564 379 2590 ad
399 2565 419 2589 Υ
432 2567 482 2591 490
496 2568 523 2590 et
537 2565 571 2591 ad
585 2566 615 2591 Χ
629 2568 689 2592 190:
707 2568 761 2591 τοῦ
779 2562 870 2600 ὅρους
895 2564 972 2598 ὠρσὲ
985 2573 1035 2597 μιν
1049 2562 1122 2590 κατὰ
1135 2563 1251 2597 μέσσον,
1265 2560 1313 2590 ὅθι
1324 2563 1454 2589 πλεῖστοι
1463 2555 1599 2587 κλονέοπ
1623 2590 1627 2599 Ι
