1705 2767
526 75 725 119 Κασσάνδρη

28 161 174 223 agam
184 159 580 220 az?
598 160 728 219 aazia?

16 213 18 219 .
149 203 165 220 Π
273 214 278 220 .
314 214 319 219 .
374 213 380 219 .
495 215 497 218 .
549 211 571 218 ..-
720 209 727 212 -

27 203 186 257 ι’]ιιεηιῖῗιξιειι
204 202 353 254 estgcasso.
408 260 413 265 .
506 261 511 265 ¹

37 261 231 297 Κασσάνδρη
240 261 304 291 (rad.
315 261 370 286 καδ
383 261 458 293 ka,
473 260 571 293 gl'lech.
583 261 728 287 Personen-

112 296 140 330 p?
150 299 190 328 42,
209 295 241 321 cf.
256 295 336 320 etiam
353 294 447 320 Boekh
465 294 492 320 in
510 298 598 320 annot.
617 295 675 321 crit.
695 296 728 321 ad

28 331 74 358 md.
91 330 165 364 Pyth.
186 332 223 362 11⁷
238 331 282 361 203
301 328 372 355 Curt.
387 328 429 355 Et.
447 330 494 355 138
513 329 647 361 componit
669 337 728 355 cum

17 363 90 398 ιέσις)
114 364 168 390 filia
194 363 291 389 Priami
318 365 345 387 et
371 362 510 401 Hepubae,
537 362 591 388 sch.
614 362 668 401 AD!
695 364 728 389 ad

46 399 77 427 44
101 394 255 430 μυθεύεται
278 399 336 421 τῶν
359 393 390 426 ἐξ
421 396 480 421 Εκα
505 405 535 429 ης
564 404 728 429 γεγονοτων

0 447 1 452 ι
29 429 120 475 ριάμω
138 431 251 457 παίδων
270 426 386 456 Ἕλενον
403 430 452 455 καὶ
484 429 667 462 ιάσσάνδραν
691 432 729 456 δι-

29 458 110 499 movi
131 466 303 500 γεγενῆσθαι
334 464 367 490 cf.
395 464 477 490 schol.
500 464 570 490 BLV
598 468 625 489 et
651 465 727 491 Eust.

14 503 62 534 ἱ3,
79 502 119 527 40.
153 499 220 525 Erat
243 498 266 524 ei
291 498 370 524 etiam
394 505 489 524 nomen
506 495 676 531 Ἀλεξάνδρα
695 499 727 526 cf.

14 513 62 563 des.
75 549 106 553 -—
123 533 210 560 N366
226 531 384 573 Ὀθρυονῆα
403 550 410 558 ,
430 553 435 558 .
456 528 487 562 ὅς
506 531 543 566 ῥα
563 530 628 557 νέον
646 532 728 559 πολέ-

12 555 67 594 ἰιο
79 564 148 600 μετὰ
163 565 246 600 κλέος
263 562 523 600 ειληλοιῖθει,1ἢτεε
539 565 569 592 δὲ
580 563 726 599 Πριάμοιο

41 604 152 636 γατριῦν
169 601 247 630 εἰδος
265 599 386 633 ἀρίστην
401 601 404 628 Ι
422 598 613 633 Κασσάνδρην
629 597 726 626 ἀνάεδ-

30 644 59 669 ιν,
83 636 197 662 Ariston.
218 629 233 667 ἡ
258 635 281 659 δ.
309 630 352 660 ὅτι
376 637 426 659 νῦν
451 632 504 666 μὲν
525 633 577 667 τὴν
596 633 727 660 Κασσάν-

31 678 73 696 ιαν
91 665 165 699 εἶδος
184 666 312 702 ἀρίστην,
336 665 367 693 ἐν
385 665 482 697 ἄλλοις
503 666 534 694 δὲ
551 669 584 698 (Ζ
601 671 659 697 252)
677 667 727 701 τὴν

17 703 153 736 ·αοδι’κην,
171 703 220 728 καὶ
240 699 274 727 οὐ
288 701 418 735 μάχεται.
447 703 474 727 ,Ω
487 704 537 729 699
552 701 726 736 Κασσάνδρη

16 729 23 760 ²⁹¹
41 738 57 765 l.
70 734 259 770 Κάσσανδρα),
278 734 358 769 ἰκέλη
376 745 421 769 χρ.
435 733 597 769 Ἀφροδίτη,
617 736 725 770 Πέργα-

16 766 56 798 ‘w
76 769 246 804 εἷςαναβᾶσα
276 769 363 801 φίλον
386 768 488 804 πατέρ’
512 769 675 802 εἰςενόησεν
695 792 700 797 .
720 793 725 797 .

16 803 125 832 ιἰκυσὲν
150 805 177 830 τ’
201 801 245 838 ἄρ’
269 802 366 831 ἔπειτα
393 803 501 838 γέγωνέ
527 812 575 830 τε·
603 804 726 838 ὄψεσθε.

17 831 38 885 lt
57 847 129 866 soror
148 839 237 865 fratris
255 839 439 865 misericordia
456 842 599 871 commota,
623 848 674 865 non
698 843 726 865 ut

34 877 73 900 tes
86 873 181 899 Priami
198 873 313 899 reditum
331 880 363 898 ex
382 880 443 898 arce
463 873 614 906 speculatur
632 874 725 907 prima,

2 896 24 938 ‚⁴
44 907 109 941 quod
126 910 197 933 recte
215 906 353 941 perspexit
371 907 453 933 schol.
468 907 490 932 B
510 904 564 932 οὐκ
583 904 662 933 οἶδεν
677 906 725 933 αῦ-

16 931 50 967 ν
61 939 159 974 μάντιν
174 939 189 966 ὁ
204 938 332 975 ποιητής.
350 941 507 973 Liesegang,
522 941 555 966 de
567 942 655 967 XXIV
666 942 725 968 Ilia-

16 979 18 981 “
59 975 198 1008 rhapsodia
219 976 243 1001 11
268 984 293 1009 p.
313 978 345 1002 20
368 983 402 1000 ex
424 975 449 1001 h.
468 975 484 1001 1.
508 975 559 1001 iam
583 976 723 1009 vestigium

37 1008 125 1036 eddam
142 1009 206 1035 artis
220 1009 290 1035 illius
304 1009 489 1043 praesagiendi
509 1012 536 1035 et
554 1010 723 1042 vaticinandi,

49 1050 99 1077 qua
115 1043 187 1069 multi
205 1047 300 1077 postea
322 1043 446 1069 dixerunt
464 1043 570 1076 cyclici,
593 1052 723 1077 apparere

18 1070 94 1104 lueet.
120 1077 212 1110 ‚Quum
231 1078 313 1103 multa
331 1077 383 1103 alia
401 1085 505 1110 quoque
524 1078 551 1103 in
565 1078 615 1104 hac
633 1078 723 1111 rhapS.

22 1110 108 1137 'clicae
117 1111 250 1137 cuiusdam
265 1111 393 1138 scientiae
403 1111 636 1143 deprehendantur
646 1113 724 1138 vesti-

21 1140 25 1145 ’
61 1145 231 1178 colligendum
245 1153 304 1172 esse
318 1149 423 1179 poetam
434 1145 532 1178 quippe
547 1146 591 1179 qui
606 1154 638 1172 ea
652 1150 724 1172 esset

2 1202 3 1207 ,
22 1179 25 1211 ζ
49 1181 84 1205 te
105 1187 156 1212 qua
177 1179 283 1206 fabulae
305 1180 367 1206 illae
390 1179 456 1212 cycli
475 1180 544 1212 epici
562 1180 614 1206 iam
633 1184 723 1206 essent

21 1213 173 1246 'rvolgatae‚
200 1213 266 1239 haec
293 1214 325 1240 de
352 1213 502 1239 Cassandra
528 1222 634 1246 quoque
661 1214 722 1240 inde

25 1247 153 1284 mpsisse.‘
187 1248 276 1273 Simile
294 1247 419 1281 quiddam
436 1247 487 1272 iam
506 1247 580 1274 Eust.
599 1251 670 1290 1371,
689 1251 722 1275 40

17 1276 26 1290 ⁴¹
44 1281 66 1308 h.
77 1281 94 1308 l.
107 1281 242 1308 iudicavit:
257 1278 300 1307 ὅτι
314 1279 367 1315 τὴν
384 1280 562 1315 Κασάνδραν,
578 1278 612 1314 ἣν
624 1281 722 1316 Ξκελην

4 1319 7 1326 ”
22 1311 86 1348 'vaip'
100 1311 175 1348 Ἂφρ.
195 1314 270 1349 λέγει
291 1316 338 1341 διὰ
356 1312 389 1341 τὸ
408 1313 522 1348 κάλλος,
540 1314 721 1350 φιλάδελφον

18 1346 70 1377 λ’νυ
85 1352 205 1384 παριστᾷ
226 1349 276 1375 καί
293 1358 350 1375 που
369 1346 439 1379 ἴσως
456 1350 506 1374 καὶ
524 1350 671 1384 μαντικὴν,
691 1349 721 1377 ἐν

2 1377 27 1387 *¹
65 1381 139 1416 λέγει
163 1385 330 1416 προμαθεῖν
357 1381 445 1416 αὐτὴν
471 1382 722 1416 ἀνακομιζόμενον

25 1418 27 1424 “
66 1413 196 1450 ἀδελφόν.
231 1418 325 1451 Neque
347 1418 432 1444 minus
456 1422 595 1450 suspectus
617 1419 721 1445 videtur

26 1458 56 1483 :e
79 1450 149 1477 locus
175 1452 326 1478 Duentzero
352 1452 423 1478 hom.
446 1451 515 1477 Abh.
539 1454 596 1479 337.
637 1454 721 1486 Capta

39 1484 79 1511 oia
101 1486 303 1519 Agamemnonis
332 1486 404 1512 facta
429 1489 456 1512 et
483 1494 542 1511 cum
570 1494 601 1513 eo
624 1495 640 1513 a
663 1488 721 1521 Cly-

26 1522 153 1546 mnestra
174 1519 312 1546 interfecta
334 1523 382 1547 est.
418 1521 433 1545 λ
455 1522 506 1546 422
533 1518 721 1554 οἰκτροτάτην

37 1559 104 1579 ουσα
120 1550 176 1579 ὄπα
194 1552 339 1586 Πριάμοιο
362 1553 511 1587 θυγατρός
530 1552 721 1588 Κασσάνδρης

24 1618 25 1622 ¹
58 1589 146 1614 κτεῖνε
155 1586 392 1622 Κλυταιμνήστρη
406 1587 560 1621 δολόμητις
575 1587 644 1622 ἄμφ’
655 1587 721 1621 ἐμοί

26 1616 244 1656 1.Κασάνδρης).
265 1638 296 1641 -
315 1623 397 1649 schol.
409 1623 457 1648 AD
471 1622 543 1648 adN
551 1625 591 1650 66.
619 1623 722 1650 Preller

6 1680 10 1687 .
40 1653 91 1680 ecb-
107 1655 214 1693 lytythol.
234 1659 257 1683 3.
272 1657 312 1682 ed.
331 1657 356 1683 II
373 1659 423 1684 452
433 1665 453 1682 s.

36 1690 219 1727 ᾳσσῖτερος
235 1691 275 1723 (L.
293 1691 387 1724 Meyer
405 1691 455 1723 vgl.
475 1690 519 1716 Gr.
539 1691 563 1716 ΙΙ
582 1693 632 1717 547
651 1699 721 1717 com-

35 1725 71 1749 ult
90 1731 146 1750 cum
167 1725 315 1751 nominibus
333 1725 360 1751 in
379 1725 503 1750 suffixum
526 1728 585 1751 tara
603 1726 720 1752 exeunti-

5 1752 14 1792 ζ
35 1765 43 1778 »ῑ
65 1756 161 1791 Benfey
173 1758 236 1784 WL.
251 1759 275 1784 II
292 1762 337 1786 151
353 1763 492 1791 comparat
506 1767 606 1785 sanscr.
617 1759 720 1786 kastira

4 1792 14 1829 ’ν
42 1797 81 1816 um
96 1798 129 1817 ex
145 1792 211 1819 kasa
233 1796 260 1818 et
281 1793 332 1819 tira
354 1801 465 1826 quorum
483 1796 624 1826 utrumque
643 1794 723 1826 signi-

4 1841 13 1861 =4
29 1825 60 1852 ,ιι
81 1825 211 1858 plumbum
238 1827 336 1858 album)
362 1827 498 1860 plumbum
521 1827 617 1853 album.
654 1828 720 1854 Plin.

8 1866 9 1869 ’
39 1859 56 1884 Φ-
71 1865 96 1885 n.
112 1861 151 1892 34,
170 1862 211 1887 16:
235 1861 370 1894 plumbum
389 1861 463 1887 cuius
482 1861 534 1886 duo
553 1869 663 1894 genera,
682 1863 721 1888 ni-

29 1922 32 1928 ,
54 1903 64 1914 ιι
82 1895 157 1926 atque
167 1894 313 1922 candidum.
336 1895 559 1921 Pretiosissimum
569 1896 628 1928 hoc,
639 1896 720 1922 Grae-

7 1926 11 1960 j
30 1949 31 1952 ,
50 1927 202 1960 appellatum
218 1929 381 1955 cassiterum.
400 1929 523 1962 leguntur
537 1929 638 1955 formae
653 1939 720 1956 κασ-

9 1984 33 1995 .⁴
46 1957 119 1993 ἔροιο
136 1963 252 1996 (sexies),
277 1972 310 1989 ου
329 1963 399 1996 (bis),
424 1972 454 1993 ω,
479 1971 521 1996 ον,
543 1963 641 1996 ubique
660 1968 721 1997 post

6 2022 15 2036 ο
27 2017 32 2031 ,
45 1994 124 2021 cresin
141 1995 198 2023 buc.
218 2004 272 2024 exc.
293 1998 321 2022 Σ
336 1999 393 2024 565.
429 1989 566 2030 Nusquam
585 1998 612 2023 in
630 1998 678 2024 Od.
694 2002 720 2024 et

10 2026 122 2061 hymn.
155 2029 206 2056 Per
223 2031 371 2057 Phoenices
389 2031 416 2057 in
435 2031 576 2057 Graeciam
594 2031 720 2065 importa-

9 2062 16 2095 ζ
31 2072 47 2092 ,ι
67 2061 165 2089 videtur
180 2071 238 2091 esse
256 2065 289 2092 cf.
304 2065 446 2098 Litzinger,
466 2065 498 2091 de
516 2065 616 2098 antiqu.
635 2074 719 2099 popu-

30 2101 80 2124 um
94 2101 239 2124 mercatura
256 2100 275 2125 1.
311 2099 399 2125 Essen
420 2101 484 2125 1866
660 2100 664 2104 ’

29 2152 34 2163 ,
53 2127 157 2157 stantum
174 2132 211 2164 (Σ
222 2134 281 2162 474)
299 2133 399 2159 duriori
417 2133 524 2159 metallo
543 2133 718 2160 inducebatur

27 2163 110 2200 561).
142 2165 204 2191 Veri
226 2167 309 2193 simile
333 2171 374 2193 est
391 2176 419 2208 ίκ.
439 2167 519 2193 etiam
543 2167 640 2219 malleg
658 2169 718 2194 sub-

26 2219 44 2270 '³5
55 2201 491 2268 ἶιιιιῗὲιῗὲιιίιξῃὲἔὲζηῗξᾷπῖᾞέᾱ
501 2204 716 2262 ἶῗιῗὲιὶᾱῖεοῗὲὲἶ

73 2264 227 2305 ὓιριιιοίὶιιιε.
254 2270 279 2294 Δ
289 2271 322 2296 25
335 2267 482 2303 (θώρηκος
492 2269 633 2302 Κυπρίου)
647 2268 717 2296 δέκα

34 2304 75 2337 .οι
92 2306 156 2326 εσαν
172 2300 294 2333 μέλανος
313 2301 441 2337 κυάνοιο,
453 2303 457 2337 Ι
469 2302 583 2329 δώδεκα
602 2303 635 2330 δὲ
651 2313 717 2337 χρυ-

34 2333 117 2371 οικαὶ
130 2331 220 2361 εἴκοσι
234 2335 428 2371 κασσιτέροιο,
446 2338 526 2365 Ψ561
544 2339 570 2363 θ.
585 2336 716 2372 χάλκεον,

30 2374 35 2391 ‚¹
55 2373 97 2397 εοι
107 2371 197 2400 χεῦμα
211 2373 334 2403 φαεινοῦ
348 2381 372 2397 κ.
389 2369 619 2405 ἀμφιδεδίνηται,
633 2372 715 2399 schol.

41 2401 121 2430 εῦμα
138 2400 263 2435 ἐδήλωσε
282 2403 333 2431 τὸν
348 2403 539 2437 ἐκκεχυμένον
556 2413 587 2431 τε
606 2407 655 2432 καὶ
671 2415 716 2432 πε-

41 2432 135 2464 μένον
155 2439 195 2462 τῶ
214 2437 313 2472 δόρατι
331 2439 457 2473 (Heynius
476 2439 600 2472 θώρακι)
617 2440 715 2466 κασσί-

23 2476 37 2482 ·’
50 2473 98 2507 ον..
119 2463 188 2496 haud
213 2472 267 2499 scio
295 2481 329 2499 an
355 2473 380 2499 h.
399 2473 415 2500 l.
437 2473 571 2499 metallum
594 2474 715 2500 firmandi

33 2508 35 2516 ¹
48 2506 76 2525 sa
90 2503 220 2531 inductum
239 2506 273 2532 sit
290 2508 353 2534 aeri.
373 2507 415 2540 ,b)
432 2508 465 2533 de
479 2508 570 2533 scutis.
597 2509 623 2533 Δ
638 2511 671 2535 34
685 2506 715 2534 ἐν

33 2530 203 2570 '⁰²(0267t1'dt)
222 2537 349 2573 ὀμφαλοὶ
368 2542 440 2574 ἦσαν
458 2539 567 2567 ἐείκοσι
587 2540 715 2568 κασσιτέ-

506 2107 531 2132 p.
551 2102 573 2126 7.
610 2100 639 2125 In
658 2108 717 2133 igne

751 96 789 99 —
815 77 955 119 Κάστωρ
1422 80 1483 110 659

999 135 1011 148 N

754 169 819 194 ροιο
843 161 953 191 λευκοί,
982 161 1014 187 de
1037 161 1148 187 Achillis
1171 161 1269 194 clipeo:
1300 163 1326 187 Σ
1347 164 1396 188 565
1419 163 1485 194 περὶ

755 195 783 220 δ’
808 192 894 228 ἕρκος
922 192 1042 221 ἔλασσεν
1068 193 1254 229 κασσιτέρου,
1282 196 1309 221 Σ
1329 198 1378 222 574
1402 194 1430 220 αὶ
1455 194 1486 222 δὲ

754 226 821 262 βόες
839 232 961 262 χρυσοῖο
980 226 1132 262 τετεύχατο
1151 228 1324 262 κασσιτέρου
1338 238 1378 262 τε,
1397 229 1424 254 Σ
1437 232 1486 256 474

753 262 862 295 χαλκὸν
882 263 909 287 δ’
925 261 955 289 ἐν
969 263 1037 297 πυρὶ
1056 260 1160 297 βάλλεν
1178 263 1353 297 κασσίτερόν
1371 272 1402 289 τε
1418 267 1421 293 Ι
1437 264 1485 288 καὶ

753 296 862 329 χρυσὸν
880 298 930 322 καὶ
949 293 1075 331 ἄργυρον
1094 305 1152 323 cum
1167 297 1341 324 fabricaretur
1351 297 1486 324 Volcanus

754 331 866 357 Achillis
885 331 1005 364 clipeum.
1033 331 1190 357 Fabricatus
1209 336 1250 357 est
1268 339 1301 357 ex
1319 332 1435 364 quinque
1450 332 1486 357 la-

755 364 832 390 minis
856 365 925 391 inter
948 372 976 391 se
999 365 1095 391 iunctis
1118 373 1229 398 quarum
1253 366 1320 391 duae
1344 366 1486 391 interiores

755 406 787 423 ex
802 398 908 431 plumbo
923 399 982 425 albo
998 403 1074 425 erant
1093 401 1191 426 factae:
1215 400 1237 425 Υ
1249 403 1295 426 271
1316 399 1401 425 πέντε
1420 397 1485 425 πτύ-

753 440 806 464 χας
829 429 915 465 η’λασε
943 433 1236 466 κυλλοποδι’ων,ῐτὰς
1264 432 1316 460 δύο
1342 433 1487 466 χαλκείας,
1516 450 1523 458 ,

755 464 806 491 δύο
828 467 855 491 δ’
872 463 969 492 ἔνδοθι
991 466 1186 500 κασσιτέροιο,
1204 465 1267 495 ῗτῖν
1287 466 1318 493 δὲ
1336 467 1405 499 μίαν
1421 477 1487 501 χρυ-

754 498 824 533 σέην
834 500 866 526 cf.
878 501 999 533 schol.B;
1014 502 1130 527 Ariston.
1141 499 1188 527 ἀθ.
1201 510 1291 534 στιχοι
1305 500 1332 528 δ’
1343 504 1485 529 269-272.

753 536 777 559 cl
799 534 831 559 do
857 535 943 560 ocreis
966 535 1060 567 quibus
1083 543 1161 561 crura
1187 536 1353 567 tegebantur.
1390 537 1417 561 Σ
1436 539 1486 563 613

753 568 834 597 τεῦξε
851 567 881 593 δέ
897 566 924 593 οἳ
939 570 1078 601 κνημῖδας
1093 566 1181 595 ἑανοῦ
1190 569 1385 603 κασσιτέροιο,
1402 571 1486 597 Φ592

753 600 827 634 ἀμφὶ
852 601 882 627 δέ
904 611 953 633 μιν
975 603 1078 635 κνημὶς
1101 601 1271 629 νεοτεύκτου
1298 602 1485 637 κασσιτέροιο

752 633 906 669 κονάβησε,
922 644 1017 662 ocreae
1031 637 1142 669 ferreae,
1159 638 1265 670 plumbo
1279 638 1339 664 albo
1354 638 1486 664 obductae

753 670 834 696 fuisse
844 670 973 696 videntur.
994 671 1104 697 Aristot.
1115 672 1147 697 de
1161 675 1218 697 arte
1233 674 1389 705 poet.1461a
1403 674 1436 699 28
1446 672 1485 705 ed.

753 704 868 730 Vahlen:
889 701 943 729 ὅσα
962 707 1019 729 τιῦν
1037 704 1223 737 κεκραμένων
1243 702 1323 731 οἶνόν
1342 715 1431 738 φασιν
1450 708 1486 732 εἰ-

753 746 807 770 ναι,
823 734 894 764 ὅθεν
908 738 1061 771 πεποίηται
1078 740 1187 772 ,κνημὶς
1203 749 1224 765 ν,
1239 741 1338 772 κασσ.*,
1357 741 1406 766 καὶ
1420 741 1486 772 χαλ-

751 771 820 802 κέας
834 770 900 802 τοὺς
918 770 969 798 τὸν
989 773 1109 806 σίδηρον
1128 772 1349 807 ιῖργαζομένους,
1366 770 1486 800 ὄθενεῗ-

752 814 834 839 ρηῑαι
855 803 870 839 ξ)
891 803 1063 840 Γανυμήδης
1086 807 1130 832 Διὶ
1154 805 1325 841 οἰνοχοεύει,
1345 804 1378 834 οὐ
1392 807 1486 834 πινόν-

752 848 810 865 των
837 842 925 867 οἰνον.
962 838 1005 873 εἴη
1036 841 1067 865 δ7
1096 839 1130 866 ἂν
1161 840 1249 867 τοῦτο’
1276 851 1308 875 γε
1335 843 1384 868 καὶ
1411 842 1485 868 κατὰ

751 873 929 907 μεταφοράν.
965 874 997 900 de
1024 875 1056 900 iis
1083 876 1127 907 qui
1155 879 1263 901 censent
1286 885 1311 901 κ.
1336 877 1485 909 significare

752 911 874 934 stanuum
894 917 915 934 v.
936 908 1012 935 infra.
1049 912 1073 937 2)
1095 909 1271 935 adhibebatur
1294 911 1327 936 ad
1350 911 1484 936 ornandos

751 950 853 968 currus:
876 942 904 967 Ψ
918 944 968 969 503
983 939 1096 975 ἅρματα
1116 941 1147 968 δὲ
1165 946 1263 978 χρυσῷ
1280 943 1486 976 πεπυκασμένα

750 975 913 1010 κασσιτέρῳ
936 985 980 1009 τε,
1007 977 1125 1002 Grashof
1141 978 1245 1003 Fuhrw.
1265 978 1307 1004 bei
1326 979 1402 1004 Hom.
1421 987 1446 1012 p.
1462 981 1484 1004 7.

751 1011 855 1043 spurios
870 1011 995 1037 iudicavit
1008 1020 1048 1036 vv.
1064 1013 1170 1038 50226.
1193 1027 1219 1030 -—
1238 1012 1288 1037 Alii
1307 1013 1484 1045 interpretan-

750 1048 793 1070 tur
811 1044 986 1078 κασσίτερον
1005 1049 1127 1070 stannum
1145 1045 1186 1075 (ef.
1207 1045 1272 1071 Plin.
1292 1046 1352 1072 hist.
1371 1051 1424 1073 nat.
1444 1050 1485 1080 34,

753 1080 783 1104 16
802 1078 937 1111 plumbum
955 1079 1059 1112 nigrum
1079 1087 1137 1105 cum
1157 1083 1267 1112 argento
1286 1081 1403 1106 nascitur
1421 1081 1484 1106 mix-

749 1113 838 1145 tisque
856 1113 930 1139 venis
953 1113 1090 1139 conflatur.
1127 1113 1212 1139 Huius
1235 1114 1280 1146 qui
1302 1115 1404 1147 primus
1427 1115 1485 1141 fluit

750 1146 776 1172 in
804 1146 957 1172 fornacibus
984 1148 1082 1179 liquor,
1111 1151 1233 1173 stannum
1260 1149 1431 1181 appellatur),
1456 1152 1485 1174 ut

750 1180 904 1206 Beckmann
927 1181 1022 1207 Gesch.
1049 1181 1096 1207 der
1118 1181 1311 1215 Erfindungen,
1335 1182 1399 1215 Lpz.
1420 1185 1484 1210 1799

749 1214 786 1240 IV
805 1223 829 1247 p.
844 1216 894 1241 346
905 1222 948 1246 ss„
968 1215 1143 1246 Riedenauer,
1163 1215 1313 1241 Haudwerk
1329 1216 1381 1242 und
1395 1217 1484 1242 Hand-

749 1249 852 1274 werker
878 1248 905 1274 in
931 1248 982 1274 deu
1006 1249 1075 1274 hom.
1095 1249 1187 1275 Zeiten
1207 1252 1271 1276 1873
1298 1258 1322 1281 p.
1345 1253 1391 1276 112
1410 1258 1429 1277 s.
1458 1255 1484 1276 et

749 1284 798 1309 206
813 1291 845 1315 s.,
869 1283 896 1308 in
919 1283 999 1309 dubio
1024 1283 1149 1315 relinquit
1172 1283 1339 1309 Schoemann
1362 1285 1483 1317 antiquit.

748 1325 786 1349 gr.
806 1317 817 1342 I
835 1319 865 1343 81
887 1317 946 1342 adu.
966 1332 998 1335 —
1017 1317 1048 1343 cf.
1068 1318 1147 1343 etiam
1167 1317 1358 1343 Friedlaender
1380 1321 1395 1344 2
1414 1319 1482 1345 hom.

748 1351 944 1377 Woerterverz.
955 1360 980 1384 p.
990 1353 1047 1383 800,
1063 1351 1173 1377 Pierson
1188 1351 1331 1377 Schiffahrt
1345 1360 1369 1379 u.
1380 1353 1483 1378 Handel

748 1384 771 1411 d.
788 1386 832 1411 Gr.
852 1385 878 1410 in
896 1385 966 1411 hom.
982 1385 1040 1411 Zeit
1058 1385 1093 1417 (in
1112 1386 1181 1411 Mus.
1201 1386 1285 1412 lthen.
1299 1386 1363 1412 XVI
1382 1395 1407 1419 p.
1420 1389 1482 1417 100).

748 1419 867 1459 Iungitqr
876 1418 1048 1451 κασσίτερος
1063 1428 1122 1445 cum
1138 1420 1189 1445 adi.
1201 1417 1294 1452 ἑανός,
1306 1417 1482 1453 νεότευκτος,

772 1462 852 1478 αεινο
871 1474 876 1478 .

748 1462 769 1485 φ
782 1462 1022 1523 Κασςτῖ-ῖὶνειρα
1032 1487 1096 1519 (rad.
1111 1488 1166 1513 καδ
1180 1487 1212 1513 cf.
1228 1488 1295 1513 Fick
1309 1489 1408 1521 griech.
1420 1489 1483 1514 Per-

748 1529 928 1547 souennamen
947 1530 970 1554 p.
990 1523 1032 1551 42)
1049 1521 1147 1547 Priami
1166 1521 1261 1554 pellex,
1280 1526 1366 1548 mater
1383 1523 1482 1556 Gorgy-

747 1556 853 1582 thionis.
891 1556 912 1581 Θ
935 1558 984 1582 305
1008 1555 1213 1589 Γοργυθίωνα,
1238 1553 1301 1581 υἱὸν
1324 1554 1373 1582 ἐῢν
1396 1554 1482 1590 Πριά-

747 1592 815 1621 μοῖο
844 1587 877 1620 ἐξ
904 1588 1072 1623 Αἰσύμηθεν
1098 1587 1255 1623 ὀπυιομένη
1286 1588 1349 1615 τέκε
1380 1589 1482 1624 μήτηρ,

747 1621 820 1656 καλὴ
845 1622 1040 1657 Καστιάνειρα
1066 1624 1172 1655 (Athen.
1193 1625 1255 1650 XIV
1274 1626 1333 1651 632:
1364 1624 1482 1651 Κασσιέ-

747 1660 830 1689 πεια),
851 1656 938 1690 δέμας
958 1656 1052 1683 εἰκυῖα
1072 1659 1165 1691 θεῇσι.

816 1691 977 1727 Κάστωρ,
1001 1700 1070 1725 ορος
1093 1692 1157 1722 (rad.
1177 1694 1232 1717 καδ
1255 1692 1287 1718 cf.
1307 1692 1410 1718 Preller
1437 1694 1481 1718 Gr.

747 1726 849 1759 Myth.⁸
868 1726 892 1752 II
911 1728 943 1752 95
963 1725 1022 1752 adn.
1042 1729 1064 1757 2,
1084 1726 1114 1752 E.
1135 1726 1169 1751 M.
1190 1728 1247 1757 493,
1266 1729 1300 1752 20
1321 1726 1353 1752 Ε.
1373 1727 1404 1753 G.
1423 1729 1480 1758 302.

747 1762 793 1792 403
816 1768 868 1786 sec.
888 1760 977 1792 Unger
996 1760 1089 1786 Philol.
1109 1760 1184 1785 XXV
1202 1768 1226 1792 p.
1242 1762 1291 1786 21ss
1310 1760 1385 1786 radix
1404 1760 1481 1793 signi-

748 1794 811 1820 ficat
828 1794 898 1820 idem
917 1802 948 1819 ac
962 1793 1050 1826 κήδω,
1069 1794 1106 1819 ita
1124 1797 1153 1819 ut
1171 1793 1295 1825 Κάστωρ
1316 1794 1350 1820 sit
1368 1808 1400 1815 Ξ
1419 1795 1481 1820 arti-

748 1828 791 1853 fex
801 1828 858 1860 ,der
868 1827 1045 1860 kunstsertige
1057 1828 1189 1853 Arbeiter’
1200 1831 1227 1854 et
1241 1831 1382 1861 cognatum
1396 1829 1478 1854 subst.

748 1860 876 1894 Κάδμος,
904 1862 966 1887 Pott
983 1861 1086 1888 Ztschr.
1107 1861 1123 1886 f.
1142 1862 1191 1894 vgl.
1211 1863 1269 1895 Spr.
1288 1864 1316 1893 5,
1334 1864 1384 1889 289
1398 1870 1432 1889 SS.
1456 1864 1480 1895 6,

750 1899 796 1923 103
819 1897 879 1922 adn.
899 1896 1034 1928 componit
1052 1903 1111 1921 cum
1136 1895 1179 1921 lat.
1199 1895 1330 1927 candere).
1369 1898 1391 1925 1)
1409 1896 1479 1922 filius

747 1930 836 1956 Ledae
859 1933 886 1956 et
904 1930 1048 1961 Tyndarei,
1072 1930 1155 1967 frater
1174 1929 1289 1955 Pollucis
1308 1933 1335 1956 et
1352 1930 1478 1956 Helenae.

748 1965 774 1990 Γ
791 1966 840 1990 237
863 1964 933 1989 δοιιὺ
960 1965 987 1989 δ’
1007 1961 1041 1989 οὐ
1061 1965 1182 1994 δυναμαι
1203 1962 1292 1989 ἰδέειν
1311 1962 1477 1997 κοσμήτορε

746 1999 832 2031 λαιῦν,
848 2002 851 2030 Ι
870 1997 1007 2031 Κάστορά
1031 1999 1063 2023 θ’
1083 1995 1247 2035 ἱππόδαμον
1267 1998 1316 2023 καὶ
1335 2019 1339 2023 .
1360 2019 1365 2024 .
1386 1998 1478 2024 Πολυ-

747 2030 867 2065 δεύκεα,
891 2030 1142 2063 αὖτοκασιγνίτω,
1165 2039 1204 2056 τω
1223 2040 1273 2063 μοι
1292 2031 1344 2063 μία
1362 2032 1477 2065 γείνατο

744 2065 839 2100 μήτηρ
864 2066 928 2092 dicit
946 2066 1055 2091 Helena.
1090 2065 1213 2091 Dubitari
1231 2069 1321 2098 potest
1338 2074 1400 2092 num
1423 2067 1477 2093 Ho-

745 2108 832 2126 merus
850 2101 875 2126 h.
886 2101 902 2126 l.
918 2100 1045 2126 Helenam
1060 2099 1177 2138 eiusdem
1196 2100 1279 2133 patris
1294 2107 1325 2126 ac
1340 2100 1477 2126 Castorem

745 2134 826 2160 fuisse
846 2134 942 2160 dixerit
964 2133 996 2160 cf.
1017 2134 1032 2158 δ
1050 2135 1099 2159 569
1119 2130 1192 2165 ι-’χεις
1207 2131 1323 2167 Ἑλένην
1341 2134 1391 2159 καὶ
1409 2143 1477 2167 γαμ-

743 2165 815 2202 βρὸς
826 2166 893 2198 Διός
908 2166 969 2193 ἐσσι
985 2170 1011 2193 et
1021 2167 1046 2192 Γ
1058 2170 1107 2193 426
1127 2168 1143 2192 δ
1159 2169 1207 2194 184
1221 2170 1283 2201 2193
1297 2177 1318 2194 v.
1330 2168 1409 2194 etiam
1424 2177 1443 2195 s.
1454 2178 1475 2195 v.

746 2199 997 2235 αιἰτοκασίγνητος.
1035 2201 1061 2226 Γ
1077 2203 1126 2227 243
1148 2201 1265 2236 additum
1289 2205 1330 2228 est
1352 2200 1420 2233 τοὺς
1449 2203 1476 2228 δ’

746 2233 798 2269 ἤδη
826 2234 945 2268 κάτεχεν
969 2234 1107 2268 φυσίζοος
1131 2238 1179 2262 αἰα
1196 2236 1199 2268 Ι
1216 2233 1246 2261 ἐν
1268 2236 1476 2269 Λακεδαίμονι,

744 2270 813 2313 φίλη
834 2267 865 2295 ἐν
879 2269 995 2303 πατρίδι
1010 2269 1086 2302 γαίῃ.
1110 2269 1185 2296 Eust.
1200 2272 1257 2302 410,
1273 2272 1289 2297 9
1300 2267 1359 2302 ‘'Ou.
1376 2272 1476 2296 θανεῖν

743 2307 857 2337 ιστορεῖ
873 2303 994 2333 τούτους
1012 2323 1018 2329 .
1034 2324 1039 2329 .
1060 2301 1098 2333 ιὺς
1116 2305 1165 2330 καὶ
1184 2299 1199 2329 ὁ
1219 2301 1385 2337 Λυκόφρων
1405 2302 1477 2331 ἐκτί-

743 2341 834 2365 θεται.
872 2337 1021 2370 Therapnis
1044 2337 1166 2364 dicuntur
1189 2338 1284 2371 sepulti
1308 2346 1367 2365 esse
1389 2339 1474 2368 (Pind.

742 2373 818 2399 Nem.
833 2372 857 2397 X
873 2374 921 2398 105
940 2371 1015 2405 Pyth.
1030 2371 1068 2396 XI
1082 2373 1133 2403 95.)
1146 2388 1177 2391 —
1193 2372 1282 2405 Unger
1301 2373 1367 2399 Phil.
1382 2373 1475 2406 Suppl.

742 2407 766 2432 11
785 2408 841 2432 661.
862 2420 892 2423 -
911 2405 953 2431 Α1)
977 2405 1018 2431 his
1037 2405 1066 2431 Il.
1086 2407 1204 2432 versibus
1227 2406 1360 2440 discrepat
1382 2408 1397 2432 λ
1417 2410 1474 2442 300,

743 2440 804 2466 vivit
818 2440 886 2465 enim
902 2440 995 2465 Castor
1009 2442 1070 2472 post
1084 2444 1196 2466 mortem
1213 2449 1265 2466 una
1279 2448 1338 2467 cum
1352 2441 1473 2468 Polluce:

742 2471 850 2506 Λήδην,
869 2471 919 2505 τὴν
939 2471 1103 2513 Τυνδαρέου
1122 2471 1349 2509 παράκοιτιν,Ιῆν
1368 2474 1398 2509 ῥ’
1418 2474 1473 2502 υπὸ

745 2505 896 2540 Τυνδαρέω
919 2515 1139 2540 κρατεροφρονε
1162 2509 1276 2542 γείνατο
1296 2510 1390 2543 παῖδε,
1404 2507 1475 2540 {Isci-

742 2540 830 2574 στορά
854 2542 874 2566 9
910 2539 1076 2573 ἱππόδαμον
1099 2543 1148 2568 καὶ
1173 2563 1177 2568 .
1197 2565 1202 2569 .
1228 2543 1260 2569 Π.
1283 2542 1360 2574 [τοὺς
1387 2541 1472 2577 ἄμφω

1229 2590 1269 2609 42·
