<?xml version="1.0" encoding="UTF-8"?>
<!DOCTYPE html PUBLIC "-//W3C//DTD XHTML 1.0 Transitional//EN"
    "http://www.w3.org/TR/xhtml1/DTD/xhtml1-transitional.dtd">
<html xmlns="http://www.w3.org/1999/xhtml" xml:lang="en" lang="en">
 <head>
  <title>
</title>
<meta http-equiv="Content-Type" content="text/html;charset=utf-8" />
  <meta name='ocr-system' content='tesseract 3.04.00' />
  <meta name='ocr-capabilities' content='ocr_page ocr_carea ocr_par ocr_line ocrx_word'/>
</head>
<body>
  <div class='ocr_page' id='page_1' title='image "./lexiconhomericum01ebeluoft_0012.png"; bbox 0 0 1684 2778; ppageno 0'>
   <div class='ocr_carea' id='block_1_1' title="bbox 109 175 1618 823">
    <p class='ocr_par' dir='ltr' id='par_1_1' title="bbox 109 175 1608 288">
     <span class='ocr_line' id='line_1_1' title="bbox 109 175 1608 220; baseline -0.004 -8"><span class='ocrx_word' id='word_1_1' title='bbox 109 181 289 212; x_wconf 83' lang='lat' dir='ltr'>valetudine</span> <span class='ocrx_word' id='word_1_2' title='bbox 316 181 531 220; x_wconf 80' lang='lat' dir='ltr'><strong>impediretur.</strong></span> <span class='ocrx_word' id='word_1_3' title='bbox 576 180 626 210; x_wconf 81' lang='lat' dir='ltr'>Ita</span> <span class='ocrx_word' id='word_1_4' title='bbox 648 179 765 210; x_wconf 81' lang='lat' dir='ltr'>factum</span> <span class='ocrx_word' id='word_1_5' title='bbox 789 180 844 213; x_wconf 84' lang='lat' dir='ltr'>est,</span> <span class='ocrx_word' id='word_1_6' title='bbox 867 179 902 208; x_wconf 84' lang='lat' dir='ltr'>ut</span> <span class='ocrx_word' id='word_1_7' title='bbox 924 177 956 208; x_wconf 88' lang='lat' dir='ltr'>id</span> <span class='ocrx_word' id='word_1_8' title='bbox 980 176 1062 216; x_wconf 86' lang='lat' dir='ltr'>quod</span> <span class='ocrx_word' id='word_1_9' title='bbox 1085 175 1175 206; x_wconf 87' lang='lat' dir='ltr'>initio</span> <span class='ocrx_word' id='word_1_10' title='bbox 1200 184 1277 215; x_wconf 76' lang='lat' dir='ltr'>opus</span> <span class='ocrx_word' id='word_1_11' title='bbox 1302 176 1436 206; x_wconf 84' lang='lat' dir='ltr'>maxime</span> <span class='ocrx_word' id='word_1_12' title='bbox 1459 175 1608 207; x_wconf 80' lang='lat' dir='ltr'>adiuvare</span> 
     </span>
     <span class='ocr_line' id='line_1_2' title="bbox 109 242 1398 288; baseline -0.005 -9"><span class='ocrx_word' id='word_1_13' title='bbox 109 249 284 284; x_wconf 80' lang='lat' dir='ltr'>videbatur,</span> <span class='ocrx_word' id='word_1_14' title='bbox 307 248 476 288; x_wconf 80' lang='lat' dir='ltr'>plurimum</span> <span class='ocrx_word' id='word_1_15' title='bbox 499 247 692 287; x_wconf 81' lang='lat' dir='ltr'>prohiberet,</span> <span class='ocrx_word' id='word_1_16' title='bbox 715 255 754 277; x_wconf 86' lang='lat' dir='ltr'>ne</span> <span class='ocrx_word' id='word_1_17' title='bbox 772 245 860 277; x_wconf 81' lang='lat' dir='ltr'>brevi</span> <span class='ocrx_word' id='word_1_18' title='bbox 883 245 1036 284; x_wconf 79' lang='lat' dir='ltr'>temporis</span> <span class='ocrx_word' id='word_1_19' title='bbox 1059 244 1162 283; x_wconf 79' lang='lat' dir='ltr'>spatio</span> <span class='ocrx_word' id='word_1_20' title='bbox 1186 242 1398 274; x_wconf 85' lang='lat' dir='ltr'>conficeretur.</span> 
     </span>
    </p>

    <p class='ocr_par' dir='ltr' id='par_1_2' title="bbox 111 311 1617 755">
     <span class='ocr_line' id='line_1_3' title="bbox 195 311 1611 354; baseline -0.004 -8"><span class='ocrx_word' id='word_1_21' title='bbox 195 316 307 346; x_wconf 76' lang='lat' dir='ltr'>Restat</span> <span class='ocrx_word' id='word_1_22' title='bbox 338 318 373 346; x_wconf 90' lang='lat' dir='ltr'>ut</span> <span class='ocrx_word' id='word_1_23' title='bbox 401 324 554 354; x_wconf 78' lang='lat' dir='ltr'>exponam</span> <span class='ocrx_word' id='word_1_24' title='bbox 583 315 656 354; x_wconf 80' lang='lat' dir='ltr'>quid</span> <span class='ocrx_word' id='word_1_25' title='bbox 685 314 815 353; x_wconf 76' lang='lat' dir='ltr'>quisque</span> <span class='ocrx_word' id='word_1_26' title='bbox 847 322 955 344; x_wconf 87' lang='lat' dir='ltr'>eorum</span> <span class='ocrx_word' id='word_1_27' title='bbox 984 312 1036 351; x_wconf 88' lang='lat' dir='ltr'>qui</span> <span class='ocrx_word' id='word_1_28' title='bbox 1064 320 1191 351; x_wconf 82' lang='lat' dir='ltr'>operam</span> <span class='ocrx_word' id='word_1_29' title='bbox 1223 313 1382 343; x_wconf 78' lang='lat' dir='ltr'>navarunt</span> <span class='ocrx_word' id='word_1_30' title='bbox 1412 311 1484 341; x_wconf 87' lang='lat' dir='ltr'>huic</span> <span class='ocrx_word' id='word_1_31' title='bbox 1512 311 1611 342; x_wconf 82' lang='lat' dir='ltr'>lexico</span> 
     </span>
     <span class='ocr_line' id='line_1_4' title="bbox 111 377 1614 418; baseline -0.001 -8"><span class='ocrx_word' id='word_1_32' title='bbox 111 379 268 410; x_wconf 82' lang='lat' dir='ltr'>attulerit:</span> <span class='ocrx_word' id='word_1_33' title='bbox 300 379 334 409; x_wconf 82' lang='lat' dir='ltr'>B.</span> <span class='ocrx_word' id='word_1_34' title='bbox 359 377 476 409; x_wconf 78' lang='lat' dir='ltr'>Giseke</span> <span class='ocrx_word' id='word_1_35' title='bbox 509 378 617 408; x_wconf 70' lang='lat' dir='ltr'>literas</span> <span class='ocrx_word' id='word_1_36' title='bbox 640 380 677 408; x_wconf 65' lang='lat' dir='ltr'><em>A</em></span> <span class='ocrx_word' id='word_1_37' title='bbox 696 379 724 408; x_wconf 88' lang='lat' dir='ltr'><em>E</em></span> <span class='ocrx_word' id='word_1_38' title='bbox 742 380 773 407; x_wconf 96' lang='lat' dir='ltr'><em>Z</em></span> <span class='ocrx_word' id='word_1_39' title='bbox 790 380 828 408; x_wconf 91' lang='lat' dir='ltr'><em>H</em></span> <span class='ocrx_word' id='word_1_40' title='bbox 843 380 871 409; x_wconf 84' lang='grc' dir='ltr'>Θ</span> <span class='ocrx_word' id='word_1_41' title='bbox 887 381 906 410; x_wconf 95' lang='grc' dir='ltr'><em>Ι</em></span> <span class='ocrx_word' id='word_1_42' title='bbox 917 381 955 410; x_wconf 90' lang='grc' dir='ltr'><em>Π</em></span> <span class='ocrx_word' id='word_1_43' title='bbox 968 381 995 410; x_wconf 88' lang='grc' dir='ltr'><em>Ρ</em></span> <span class='ocrx_word' id='word_1_44' title='bbox 1008 381 1035 409; x_wconf 81' lang='grc' dir='ltr'><em>Σ</em></span> <span class='ocrx_word' id='word_1_45' title='bbox 1065 379 1252 418; x_wconf 84' lang='lat' dir='ltr'>composuit,</span> <span class='ocrx_word' id='word_1_46' title='bbox 1286 379 1317 410; x_wconf 89' lang='lat' dir='ltr'>C.</span> <span class='ocrx_word' id='word_1_47' title='bbox 1343 378 1468 418; x_wconf 74' lang='lat' dir='ltr'>Capelle</span> <span class='ocrx_word' id='word_1_48' title='bbox 1492 381 1521 409; x_wconf 87' lang='lat' dir='ltr'><em>B</em></span> <span class='ocrx_word' id='word_1_49' title='bbox 1544 381 1571 409; x_wconf 90' lang='grc' dir='ltr'>Γ</span> <span class='ocrx_word' id='word_1_50' title='bbox 1583 382 1614 410; x_wconf 83' lang='grc' dir='ltr'><em>Δ</em></span> 
     </span>
     <span class='ocr_line' id='line_1_5' title="bbox 115 441 1612 486; baseline 0 -9"><span class='ocrx_word' id='word_1_51' title='bbox 115 449 142 477; x_wconf 89' lang='lat' dir='ltr'><strong><em>Y</em></strong></span> <span class='ocrx_word' id='word_1_52' title='bbox 162 450 191 477; x_wconf 71' lang='lat' dir='ltr'>(D</span> <span class='ocrx_word' id='word_1_53' title='bbox 217 448 250 477; x_wconf 72' lang='grc' dir='ltr'>Ψ</span> <span class='ocrx_word' id='word_1_54' title='bbox 265 446 295 476; x_wconf 82' lang='grc' dir='ltr'><em>Ω</em></span> <span class='ocrx_word' id='word_1_55' title='bbox 316 446 465 485; x_wconf 80' lang='lat' dir='ltr'>(exceptis</span> <span class='ocrx_word' id='word_1_56' title='bbox 496 442 589 479; x_wconf 67' lang='grc' dir='ltr'><em>ἱπαί,</em></span> <span class='ocrx_word' id='word_1_57' title='bbox 621 441 716 480; x_wconf 71' lang='grc' dir='ltr'><em>ὗπέκ,</em></span> <span class='ocrx_word' id='word_1_58' title='bbox 742 441 838 486; x_wconf 74' lang='grc' dir='ltr'><strong><em>ὑπὲρ,</em></strong></span> <span class='ocrx_word' id='word_1_59' title='bbox 862 441 927 476; x_wconf 74' lang='grc' dir='ltr'>ὑπό</span> <span class='ocrx_word' id='word_1_60' title='bbox 950 446 1251 485; x_wconf 79' lang='lat' dir='ltr'>praepositionibus,</span> <span class='ocrx_word' id='word_1_61' title='bbox 1276 455 1351 486; x_wconf 77' lang='lat' dir='ltr'>quas</span> <span class='ocrx_word' id='word_1_62' title='bbox 1376 446 1407 477; x_wconf 73' lang='lat' dir='ltr'>C.</span> <span class='ocrx_word' id='word_1_63' title='bbox 1426 445 1612 477; x_wconf 80' lang='lat' dir='ltr'>Mutzbauer</span> 
     </span>
     <span class='ocr_line' id='line_1_6' title="bbox 111 510 1614 553; baseline 0 -9"><span class='ocrx_word' id='word_1_64' title='bbox 111 513 241 547; x_wconf 54' lang='lat' dir='ltr'>adiecit»,</span> <span class='ocrx_word' id='word_1_65' title='bbox 272 513 306 544; x_wconf 88' lang='lat' dir='ltr'>E.</span> <span class='ocrx_word' id='word_1_66' title='bbox 330 513 495 544; x_wconf 77' lang='lat' dir='ltr'>Eberhard</span> <span class='ocrx_word' id='word_1_67' title='bbox 519 516 560 547; x_wconf 78' lang='grc' dir='ltr'>Κ,</span> <span class='ocrx_word' id='word_1_68' title='bbox 592 512 624 543; x_wconf 89' lang='lat' dir='ltr'>F.</span> <span class='ocrx_word' id='word_1_69' title='bbox 643 510 798 543; x_wconf 80' lang='lat' dir='ltr'>Albracht</span> <span class='ocrx_word' id='word_1_70' title='bbox 821 515 859 543; x_wconf 88' lang='lat' dir='ltr'><em>A</em></span> <span class='ocrx_word' id='word_1_71' title='bbox 886 514 917 543; x_wconf 81' lang='lat' dir='ltr'>et</span> <span class='ocrx_word' id='word_1_72' title='bbox 940 515 983 543; x_wconf 78' lang='lat' dir='ltr'><strong><em>M</em></strong></span> <span class='ocrx_word' id='word_1_73' title='bbox 1007 521 1105 551; x_wconf 80' lang='lat' dir='ltr'>usque</span> <span class='ocrx_word' id='word_1_74' title='bbox 1133 512 1172 543; x_wconf 82' lang='lat' dir='ltr'>ad</span> <span class='ocrx_word' id='word_1_75' title='bbox 1197 515 1339 553; x_wconf 83' lang='grc' dir='ltr'><em>μέμονα,</em></span> <span class='ocrx_word' id='word_1_76' title='bbox 1372 512 1403 543; x_wconf 86' lang='lat' dir='ltr'>C.</span> <span class='ocrx_word' id='word_1_77' title='bbox 1428 513 1614 544; x_wconf 82' lang='lat' dir='ltr'>Mutzbauer</span> 
     </span>
     <span class='ocr_line' id='line_1_7' title="bbox 111 579 1616 620; baseline 0 -9"><span class='ocrx_word' id='word_1_78' title='bbox 111 581 155 611; x_wconf 83' lang='lat' dir='ltr'><strong><em>M</em></strong></span> <span class='ocrx_word' id='word_1_79' title='bbox 174 581 245 611; x_wconf 86' lang='lat' dir='ltr'>inde</span> <span class='ocrx_word' id='word_1_80' title='bbox 269 590 287 612; x_wconf 83' lang='lat' dir='ltr'>a</span> <span class='ocrx_word' id='word_1_81' title='bbox 309 583 377 620; x_wconf 72' lang='grc' dir='ltr'>μέν,</span> <span class='ocrx_word' id='word_1_82' title='bbox 406 583 441 611; x_wconf 82' lang='grc' dir='ltr'><em>Ν</em></span> <span class='ocrx_word' id='word_1_83' title='bbox 463 582 493 611; x_wconf 82' lang='lat' dir='ltr'>et</span> <span class='ocrx_word' id='word_1_84' title='bbox 516 580 556 615; x_wconf 72' lang='grc' dir='ltr'>Ξ,</span> <span class='ocrx_word' id='word_1_85' title='bbox 585 579 619 610; x_wconf 77' lang='lat' dir='ltr'>V.</span> <span class='ocrx_word' id='word_1_86' title='bbox 638 579 676 610; x_wconf 89' lang='lat' dir='ltr'>H.</span> <span class='ocrx_word' id='word_1_87' title='bbox 700 579 789 611; x_wconf 80' lang='lat' dir='ltr'>Koch</span> <span class='ocrx_word' id='word_1_88' title='bbox 813 589 903 619; x_wconf 74' lang='lat' dir='ltr'>quen]</span> <span class='ocrx_word' id='word_1_89' title='bbox 931 580 1029 611; x_wconf 73' lang='lat' dir='ltr'>totius</span> <span class='ocrx_word' id='word_1_90' title='bbox 1057 580 1162 619; x_wconf 81' lang='lat' dir='ltr'>operis</span> <span class='ocrx_word' id='word_1_91' title='bbox 1184 579 1276 610; x_wconf 85' lang='lat' dir='ltr'>finem</span> <span class='ocrx_word' id='word_1_92' title='bbox 1304 589 1366 610; x_wconf 90' lang='lat' dir='ltr'>non</span> <span class='ocrx_word' id='word_1_93' title='bbox 1389 580 1504 610; x_wconf 77' lang='lat' dir='ltr'>vidisse</span> <span class='ocrx_word' id='word_1_94' title='bbox 1525 580 1616 611; x_wconf 80' lang='lat' dir='ltr'>valde</span> 
     </span>
     <span class='ocr_line' id='line_1_8' title="bbox 113 646 1617 686; baseline -0.001 -7"><span class='ocrx_word' id='word_1_95' title='bbox 113 649 279 679; x_wconf 87' lang='lat' dir='ltr'>dolendum</span> <span class='ocrx_word' id='word_1_96' title='bbox 309 651 356 679; x_wconf 77' lang='lat' dir='ltr'>est</span> <span class='ocrx_word' id='word_1_97' title='bbox 389 650 423 683; x_wconf 89' lang='grc' dir='ltr'>Ο,</span> <span class='ocrx_word' id='word_1_98' title='bbox 447 648 480 678; x_wconf 87' lang='lat' dir='ltr'>F.</span> <span class='ocrx_word' id='word_1_99' title='bbox 505 647 642 679; x_wconf 83' lang='lat' dir='ltr'>Schnorr</span> <span class='ocrx_word' id='word_1_100' title='bbox 671 648 708 679; x_wconf 88' lang='lat' dir='ltr'>de</span> <span class='ocrx_word' id='word_1_101' title='bbox 731 647 905 679; x_wconf 74' lang='lat' dir='ltr'>Carolsfeld</span> <span class='ocrx_word' id='word_1_102' title='bbox 933 651 962 678; x_wconf 94' lang='lat' dir='ltr'><em>T</em></span> <span class='ocrx_word' id='word_1_103' title='bbox 985 650 1017 679; x_wconf 88' lang='lat' dir='ltr'>et</span> <span class='ocrx_word' id='word_1_104' title='bbox 1045 651 1076 678; x_wconf 72' lang='grc' dir='ltr'><strong>Χ</strong></span> <span class='ocrx_word' id='word_1_105' title='bbox 1106 646 1252 683; x_wconf 83' lang='lat' dir='ltr'>confecit,</span> <span class='ocrx_word' id='word_1_106' title='bbox 1276 647 1313 677; x_wconf 90' lang='lat' dir='ltr'>H.</span> <span class='ocrx_word' id='word_1_107' title='bbox 1332 647 1467 686; x_wconf 78' lang='lat' dir='ltr'>Ebeling</span> <span class='ocrx_word' id='word_1_108' title='bbox 1489 648 1617 678; x_wconf 80' lang='lat' dir='ltr'>nomina</span> 
     </span>
     <span class='ocr_line' id='line_1_9' title="bbox 111 714 1464 755; baseline -0.001 -8"><span class='ocrx_word' id='word_1_109' title='bbox 111 716 241 755; x_wconf 78' lang='lat' dir='ltr'>propria.</span> <span class='ocrx_word' id='word_1_110' title='bbox 264 716 302 747; x_wconf 84' lang='lat' dir='ltr'>ab</span> <span class='ocrx_word' id='word_1_111' title='bbox 326 718 363 747; x_wconf 81' lang='lat' dir='ltr'><em>A</em></span> <span class='ocrx_word' id='word_1_112' title='bbox 378 718 407 746; x_wconf 83' lang='lat' dir='ltr'><em>B</em></span> <span class='ocrx_word' id='word_1_113' title='bbox 424 718 452 746; x_wconf 93' lang='grc' dir='ltr'><strong><em>Γ</em></strong></span> <span class='ocrx_word' id='word_1_114' title='bbox 460 717 501 750; x_wconf 70' lang='grc'>-1,</span> <span class='ocrx_word' id='word_1_115' title='bbox 535 724 553 746; x_wconf 80' lang='lat' dir='ltr'>a</span> <span class='ocrx_word' id='word_1_116' title='bbox 586 718 616 746; x_wconf 94' lang='lat' dir='ltr'><em>T</em></span> <span class='ocrx_word' id='word_1_117' title='bbox 631 718 658 746; x_wconf 90' lang='lat' dir='ltr'><strong><em>Y</em></strong></span> <span class='ocrx_word' id='word_1_118' title='bbox 675 718 704 745; x_wconf 78' lang='grc' dir='ltr'><em>Φ</em></span> <span class='ocrx_word' id='word_1_119' title='bbox 720 718 755 746; x_wconf 77' lang='lat' dir='ltr'><em>X</em></span> <span class='ocrx_word' id='word_1_120' title='bbox 774 717 807 746; x_wconf 75' lang='grc' dir='ltr'><em>Ψ</em></span> <span class='ocrx_word' id='word_1_121' title='bbox 818 716 847 746; x_wconf 82' lang='grc' dir='ltr'><em>Ω</em></span> <span class='ocrx_word' id='word_1_122' title='bbox 870 715 1053 754; x_wconf 76' lang='lat' dir='ltr'>incipientia</span> <span class='ocrx_word' id='word_1_123' title='bbox 1077 714 1107 746; x_wconf 89' lang='lat' dir='ltr'>C.</span> <span class='ocrx_word' id='word_1_124' title='bbox 1127 715 1313 746; x_wconf 81' lang='lat' dir='ltr'>Mutzbauer</span> <span class='ocrx_word' id='word_1_125' title='bbox 1336 714 1464 745; x_wconf 80' lang='lat' dir='ltr'>addidit.</span> 
     </span>
    </p>

    <p class='ocr_par' dir='ltr' id='par_1_3' title="bbox 198 782 1618 823">
     <span class='ocr_line' id='line_1_10' title="bbox 198 782 1618 823; baseline 0.001 -9"><span class='ocrx_word' id='word_1_126' title='bbox 198 784 282 814; x_wconf 69' lang='lat' dir='ltr'>Viris</span> <span class='ocrx_word' id='word_1_127' title='bbox 306 784 359 822; x_wconf 87' lang='lat' dir='ltr'>qui</span> <span class='ocrx_word' id='word_1_128' title='bbox 388 783 526 814; x_wconf 79' lang='lat' dir='ltr'>consiliis</span> <span class='ocrx_word' id='word_1_129' title='bbox 551 785 582 814; x_wconf 84' lang='lat' dir='ltr'>et</span> <span class='ocrx_word' id='word_1_130' title='bbox 610 782 734 813; x_wconf 77' lang='lat' dir='ltr'>iudiciis</span> <span class='ocrx_word' id='word_1_131' title='bbox 757 783 821 813; x_wconf 74' lang='lat' dir='ltr'>suis</span> <span class='ocrx_word' id='word_1_132' title='bbox 844 783 893 813; x_wconf 82' lang='lat' dir='ltr'>vel</span> <span class='ocrx_word' id='word_1_133' title='bbox 921 784 1108 823; x_wconf 84' lang='lat' dir='ltr'>corrigendo</span> <span class='ocrx_word' id='word_1_134' title='bbox 1132 786 1162 814; x_wconf 84' lang='lat' dir='ltr'>et</span> <span class='ocrx_word' id='word_1_135' title='bbox 1190 784 1333 815; x_wconf 81' lang='lat' dir='ltr'>addendo</span> <span class='ocrx_word' id='word_1_136' title='bbox 1356 786 1392 813; x_wconf 87' lang='lat' dir='ltr'>ut</span> <span class='ocrx_word' id='word_1_137' title='bbox 1414 783 1618 823; x_wconf 75' lang='lat' dir='ltr'>Daremberg,</span> 
     </span>
    </p>
   </div>
   <div class='ocr_carea' id='block_1_2' title="bbox 114 850 1534 891">
    <p class='ocr_par' dir='ltr' id='par_1_4' title="bbox 114 850 1534 891">
     <span class='ocr_line' id='line_1_11' title="bbox 114 850 1534 891; baseline -0.001 -9"><span class='ocrx_word' id='word_1_138' title='bbox 114 852 220 886; x_wconf 78' lang='lat' dir='ltr'>Funk,</span> <span class='ocrx_word' id='word_1_139' title='bbox 245 851 384 887; x_wconf 84' lang='lat' dir='ltr'>Grulich,</span> <span class='ocrx_word' id='word_1_140' title='bbox 407 851 521 891; x_wconf 82' lang='lat' dir='ltr'>Merry,</span> <span class='ocrx_word' id='word_1_141' title='bbox 550 851 604 882; x_wconf 73' lang='lat' dir='ltr'>alii</span> <span class='ocrx_word' id='word_1_142' title='bbox 627 850 686 881; x_wconf 78' lang='lat' dir='ltr'>hoc</span> <span class='ocrx_word' id='word_1_143' title='bbox 711 859 788 890; x_wconf 82' lang='lat' dir='ltr'>opus</span> <span class='ocrx_word' id='word_1_144' title='bbox 812 851 1007 886; x_wconf 77' lang='lat' dir='ltr'>adiuverunt,</span> <span class='ocrx_word' id='word_1_145' title='bbox 1031 851 1151 890; x_wconf 81' lang='lat' dir='ltr'>gratias</span> <span class='ocrx_word' id='word_1_146' title='bbox 1175 861 1234 890; x_wconf 76' lang='lat' dir='ltr'>ago</span> <span class='ocrx_word' id='word_1_147' title='bbox 1259 860 1350 890; x_wconf 84' lang='lat' dir='ltr'>quam</span> <span class='ocrx_word' id='word_1_148' title='bbox 1374 850 1534 890; x_wconf 74' lang='lat' dir='ltr'>plurimas.</span> 
     </span>
    </p>
   </div>
   <div class='ocr_carea' id='block_1_3' title="bbox 200 951 954 991">
    <p class='ocr_par' dir='ltr' id='par_1_5' title="bbox 200 951 954 991">
     <span class='ocr_line' id='line_1_12' title="bbox 200 951 954 991; baseline -0.001 -7"><span class='ocrx_word' id='word_1_149' title='bbox 200 952 385 987; x_wconf 89' lang='lat' dir='ltr'>Berolini,</span> <span class='ocrx_word' id='word_1_150' title='bbox 408 952 476 984; x_wconf 80' lang='lat' dir='ltr'><strong>Kal.</strong></span> <span class='ocrx_word' id='word_1_151' title='bbox 500 951 583 991; x_wconf 83' lang='lat' dir='ltr'>Sept.</span> <span class='ocrx_word' id='word_1_152' title='bbox 607 961 633 983; x_wconf 83' lang='lat' dir='ltr'>a.</span> <span class='ocrx_word' id='word_1_153' title='bbox 658 951 954 983; x_wconf 77' lang='lat' dir='ltr'>MDCCCLXXXV.</span> 
     </span>
    </p>
   </div>
   <div class='ocr_carea' id='block_1_4' title="bbox 1289 1051 1565 1101">
    <p class='ocr_par' dir='ltr' id='par_1_6' title="bbox 1289 1051 1565 1101">
     <span class='ocr_line' id='line_1_13' title="bbox 1289 1051 1565 1101; baseline -0.007 -8"><span class='ocrx_word' id='word_1_154' title='bbox 1289 1051 1340 1093; x_wconf 90' lang='lat' dir='ltr'>H.</span> <span class='ocrx_word' id='word_1_155' title='bbox 1368 1051 1565 1101; x_wconf 78' lang='lat' dir='ltr'>Ebeling.</span> 
     </span>
    </p>
   </div>
  </div>
 </body>
</html>
