1684 2778
147 97 209 128 922

148 178 231 205 ἱστὰν
249 177 317 211 νηὸς
335 188 361 205 κ.
381 177 411 204 ἐν
433 178 580 211 χείρεσσιν
599 173 717 210 ἔθηκεν,
741 176 766 201 11.
786 177 836 209 Ap.
856 176 884 201 P.

147 215 198 240 228
226 212 292 239 οὐδ’
316 210 402 239 ἕλκον
425 214 530 245 λαῖφος
552 208 622 243 νηὸς
644 219 682 240 κ..
710 219 728 234 κ
752 212 800 236 127
829 207 886 235 ἀπὸ

146 246 280 279 πείσματ’
304 243 398 276 ἔκοψα
417 245 481 274 νεὸς
499 255 534 277 κ.,
560 245 581 270 0
599 246 649 271 693
660 240 773 276 Ἕκτωρ
800 239 885 269 ἴθυσε

147 279 214 312 νεὸς
232 290 271 314 κ.,
297 282 326 306 Ψ
341 283 391 307 852
410 278 492 306 ἱστὸν
517 279 545 304 ‹5'
565 276 685 311 ἔστησεν
708 275 775 310 νηὸς
797 286 836 309 κ.,
861 277 889 302 Ψ

147 317 198 342 878
223 312 301 347 ὅρνις
325 316 396 348 ἱστῷ
420 311 577 346 ἐφεζομένη
602 310 671 351 νηὸς
693 320 732 344 κ,,
759 311 884 352 1111τῆ1111νὶ

147 349 189 375 his
207 350 290 375 tribus
308 349 373 374 1ocis
388 348 724 384 11311εῐμελανοπρωρου,
748 354 769 377 μ
782 347 833 372 354
852 354 884 370 ου

150 384 219 416 τῆλε
238 381 302 412 νεὸς
321 391 345 408 κ.
364 379 556 415 βοσκέσκονθ’
576 376 668 409 ἕλικες
687 381 769 413 βοες,
796 388 813 412 χ
836 381 886 405 465

150 420 258 449 πεῖσμα
282 414 347 445 νεὸς
369 424 394 441 κ.
413 415 512 444 κίονος
532 412 642 446 ἐξάψας
660 413 818 447 περίβαλλε
836 411 886 438 θό-

150 452 226 485 λοιο,
244 450 276 477 cf.
291 450 370 482 Verg.
384 450 451 475 Aen.
467 448 490 473 V
509 450 558 474 819
577 447 702 473 caeruleo
721 455 768 480 per
786 455 887 473 summa

150 485 214 511 levis
232 485 302 510 volat
319 490 436 515 aequora
459 490 538 508 curru
556 481 715 515 (Neptunus)
736 484 763 508 et
780 481 818 508 VI
836 484 886 508 410

150 519 298 545 caeruleam
312 516 428 550 puppim.

184 547 306 584 κῧᾶνος
323 549 432 583 (Benfey
446 549 512 576 WL.
527 549 552 575 II
571 551 629 582 151,
648 549 737 576 Christ
751 549 838 576 Lautl.
853 551 886 575 96

147 589 204 618 155,
224 586 303 611 Kuhn
321 585 348 610 in
363 584 463 609 Ztschr.
478 584 517 609 XI
535 585 586 610 309
600 591 660 609 cum
674 591 769 609 sauscr.
786 583 885 616 qjamas

146 624 285 653 cognatum
296 626 354 644 esse
365 618 467 649 dicunt;
482 617 551 643 idem
563 618 631 643 dixit
641 617 747 643 Curtius
757 617 814 643 Et*
827 619 885 649 535,

147 654 276 687 improbat
290 652 329 678 ed.
341 654 356 679 5
371 660 396 685 p.
408 654 457 678 546
471 652 530 677 adn.
546 655 573 677 et
588 653 651 685 6123
664 651 745 677 Kuhn
758 652 774 676 1.
785 651 801 678 l.
816 651 885 676 idem

146 688 309 721 significasse
316 686 390 712 initio
397 683 505 716 κύανος
514 689 542 712 et
550 683 662 717 κύαμος
673 685 803 711 adfirmat.
818 685 885 710 Fick

146 722 196 755 vgl.
209 722 309 747 Woert.
324 720 336 745 I
351 722 380 746 61
394 720 473 746 sumit
487 720 542 746 rad.
557 719 602 754 Igu,
616 720 660 756 kyi
675 719 773 752 lucere,
787 726 886 745 sanscr.

146 764 222 788 eona.
239 763 292 787 ags.
308 754 417 780 haeven.
454 754 494 779 De
513 753 594 780 subst.
612 754 639 779 in
657 762 707 783 νος
727 753 885 779 exeuntibus

145 799 167 816 v.
183 783 213 816 L.
230 789 323 822 Meyer
337 788 386 821 vgl.
402 788 446 814 Gr.
461 788 486 813 II
502 790 559 821 181,
574 788 704 814 Woeruer
718 788 799 814 subst.
813 787 885 813 hom.

146 826 195 856 36).
231 823 294 849 Non
312 827 354 848 est
371 821 441 855 apud
459 822 535 847 Hom.
554 821 603 847 nisi
627 829 685 855 gen.
703 820 825 846 κυάνοιο
844 821 885 847 bis

147 858 173 883 in
187 857 227 890 Il.,
246 857 328 883 semel
346 857 374 882 in
389 856 451 889 Oct,
469 856 588 882 omnibus
606 856 672 881 locis
690 856 717 881 in
736 856 809 881 exitu
827 863 885 881 ver-

146 900 198 918 sus.
234 892 346 917 Ferrum
365 891 487 923 caeruleo
510 890 597 916 colore
619 890 770 916 obductum.
807 890 833 914 A
853 891 885 915 24

148 927 200 951 τοῦ
218 923 373 958 (θώρηκος)
391 925 407 957 ἠ
426 932 471 950 τοι
492 923 561 950 δέκα
581 921 659 956 οἶμοι
682 920 748 949 ἔσαν
762 921 886 954 μέλανος

146 958 279 991 κυιὶνοιο,
303 957 418 984 δώδεκα
439 956 469 984 δὲ
486 961 608 991 χρυσοῖο
628 955 677 983 καὶ
702 955 796 983 εἴκοσι
818 965 886 982 κασ-

147 992 284 1027 σιτέροιο,
299 993 381 1019 schol.
391 993 436 1018 BL
451 988 629 1026 ῥποστατὲον
642 993 819 1024 προκεῖσθαι
833 989 886 1023 μὲν

147 1026 273 1053 κυανέαν
292 1024 417 1061 ῥάβδον,
441 1028 502 1052 εἰτα
521 1026 740 1060 κασσιτερίνην,
758 1026 819 1057 μετ7
839 1024 886 1050 αι’)-

146 1062 198 1095 τὴν
217 1061 249 1087 δὲ
267 1061 318 1096 τὴν
339 1063 451 1094 χρυσῆν
474 1058 505 1086 ἐν
534 1057 695 1092 διαστάσει,
723 1059 772 1085 καὶ
800 1057 886 1084 πάλιν

146 1104 238 1128 κασσ,
254 1098 315 1121 ιίτα
329 1094 415 1120 πάλιν
429 1093 553 1120 κυανέαν
568 1091 748 1127 ἀκολούθως,
763 1094 793 1120 cf.
805 1093 884 1119 schol.

147 1131 178 1157 V.
207 1132 232 1155 A
252 1132 284 1163 35
302 1129 344 1162 (de
363 1132 437 1154 scuto
451 1128 667 1162 Agamemnonis)
685 1125 716 1154 ἐν
736 1127 766 1153 δέ
785 1126 814 1153 οὶ
834 1126 885 1158 ὀμ-

147 1165 237 1198 φαλοὶ
256 1165 328 1197 ἦσαν
347 1161 456 1189 ἐείκοσι
475 1161 671 1195 κασσιτέροιο,
691 1160 721 1188 ἐν
741 1161 771 1188 δὲ
789 1160 886 1194 μέσοι-

148 1207 193 1223 σιν
213 1195 262 1231 ἔην
281 1196 404 1229 μέλανος
422 1195 557 1229 κυάνοιο,
580 1197 702 1230 paraphr.
724 1194 780 1222 ἀπὸ
800 1195 885 1227 μέλα-

148 1241 197 1262 νος
215 1234 333 1258 κυανοῦ.
362 1241 377 1264 η
397 1232 430 1257 87
448 1231 490 1262 (de
509 1231 619 1257 aedibus
632 1231 748 1261 Alcinoi)
764 1228 883 1262 χάλκεοι

146 1270 239 1299 τοῖχοι
261 1263 412 1299 ἐληλάδατ’
432 1262 502 1291 ἔνθα
521 1263 570 1290 καὶ
590 1263 676 1298 ἔνθα,
695 1262 724 1294 ἐς
743 1262 835 1296 μυχὸν
854 1261 885 1295 ἐξ

148 1299 251 1334 οὐδοῦ,
269 1300 337 1333 περὶ
357 1298 388 1325 δὲ
407 1297 531 1332 θριγκὸς
555 1296 676 1324 κυάνοιο
699 1299 731 1329 (Ι,
749 1295 885 1323 κυάνειον

147 1339 174 1361 et
191 1336 218 1360 in
235 1341 317 1367 marg.
333 1335 397 1366 οιο),
416 1333 497 1359 schol.
512 1333 536 1358 E
550 1331 674 1358 κυάνεον
692 1331 743 1358 τὸν
762 1331 885 1364 σίδηρον

147 1367 233 1402 λέγει,
247 1368 359 1394 Nitzsch
374 1375 477 1393 versum
492 1367 629 1400 expunxit,
648 1366 767 1393 defendit
781 1366 884 1392 Hentze

146 1404 173 1428 in
191 1403 231 1429 ed.
250 1403 308 1428 Am.
328 1402 361 1427 ad
384 1410 406 1427 v.
425 1403 466 1428 84.
503 1401 615 1427 Veteres
637 1401 747 1435 interpr.
766 1409 791 1426 κ.
811 1400 884 1426 colo-

146 1445 201 1463 rem
220 1437 379 1463 caeruleum.
408 1435 483 1461 Eust.
498 1437 556 1468 828,
577 1437 608 1461 19
626 1433 706 1464 εἰδός
724 1443 751 1460 τι
769 1431 885 1467 χρώμα-

148 1480 198 1501 τος
220 1470 356 1503 μέλανος·
380 1471 515 1495 τοιοῦτον
539 1467 571 1494 δὲ
593 1470 643 1494 καὶ
661 1468 694 1494 τὺ
712 1471 815 1502 χριῦμα
833 1470 885 1493 τοῦ

149 1503 288 1538 ορρανοῦ,
312 1502 437 1537 ὁπηνίκα
456 1501 516 1528 ἐστὶ
532 1502 623 1536 πάντῃ
643 1500 797 1536 ἀνέφελος,
820 1502 883 1528 Hes.

148 1541 227 1569 εἰδος
248 1537 403 1571 χρώματος
426 1535 628 1571 οὖρανοειδές,
655 1537 779 1571 paraphr.
802 1537 828 1561 Λ
850 1538 884 1562 24

147 1572 204 1598 ἀπὸ
226 1572 381 1606 χρώματος
403 1573 525 1605 κυανοῦ,
547 1572 623 1597 Eust.
644 1573 721 1602 1570,
744 1572 776 1597 28
798 1570 841 1602 (ad
866 1580 882 1603 η

148 1610 190 1639 87)
203 1606 305 1640 χρῶμά
320 1615 346 1631 τι
361 1605 463 1645 μέλαν·
481 1604 602 1636 κυάνεος
619 1605 650 1630 δὲ
665 1604 716 1631 νῦν
731 1601 746 1630 ὃ
762 1601 885 1638 θριγκὸς

144 1645 185 1676 τῷ
199 1641 296 1674 τείχει,
312 1637 352 1670 (ῦς
366 1637 400 1665 ἂν
415 1636 508 1670 οὕτως
524 1637 672 1673 ἀεροειδὲς
687 1638 719 1664 τὸ
735 1637 884 1672 μετέωρον

145 1676 290 1709 φαίνοιτο,
309 1675 389 1700 schol.
405 1674 429 1699 E
448 1674 482 1700 ad
498 1684 513 1707 η
529 1676 562 1700 87
581 1671 636 1699 ἀπὸ
657 1675 709 1699 τοῦ
721 1670 831 1698 κυάνου
846 1674 884 1698 εἰ-

146 1713 197 1739 δος
211 1708 362 1744 βάμματος
377 1705 468 1738 ὄντος.
496 1709 616 1734 Fuerunt
630 1708 674 1740 qui
689 1710 813 1740 putarent
826 1714 883 1732 esse

145 1745 308 1777 pigmentum
328 1751 349 1768 s.
367 1743 481 1776 lapidem
499 1750 519 1768 s.
538 1749 629 1768 sucum
647 1742 672 1767 in
691 1741 806 1767 metallis
824 1749 884 1766 con-

146 1782 255 1811 cretum,
274 1777 391 1803 caerulei
410 1776 519 1809 coloris,
539 1777 596 1809 qui,
615 1779 644 1802 ut
662 1775 699 1801 ait
718 1775 816 1808 Steplr,
836 1775 883 1800 du-

146 1812 208 1845 plex
227 1815 277 1845 est,
297 1812 399 1837 nativus
417 1815 444 1836 et
462 1810 592 1843 factitius,
610 1811 712 1836 nativus
731 1809 829 1835 fossilis
843 1811 884 1834 est

146 1850 173 1871 et
191 1847 218 1872 in
236 1845 308 1871 venis
327 1845 455 1878 fibrisque
474 1847 547 1871 ortus
565 1847 611 1870 aut
629 1851 677 1877 per
695 1851 723 1869 se
742 1843 882 1876 reperitur,

147 1881 240 1907 sabulo
258 1887 389 1906 arenaeve
408 1880 491 1905 durae
509 1879 613 1911 similis,
632 1878 747 1911 pictores
765 1882 819 1903 tam
837 1884 883 1902 na-

147 1917 201 1940 tivo
224 1922 303 1947 quam
325 1913 427 1939 factitio
449 1916 571 1946 utuntur,
599 1912 631 1938 cf.
650 1912 727 1938 Paus.
743 1911 767 1938 V
792 1913 835 1944 11,
859 1913 882 1937 5.

146 1949 263 1974 Homero
285 1956 347 1974 vero
370 1947 573 1973 fabricationem
597 1951 624 1972 et
646 1954 719 1972 usum
744 1945 807 1971 ferri
826 1953 884 1971 cae-

146 1983 222 2009 ruleo
240 1982 328 2008 colore
342 1982 448 2008 obducti
461 1985 552 2013 (nostr.
567 1981 713 2011 Blaustahl)
727 1988 780 2006 non
794 1979 884 2012 ignota

147 2017 226 2043 fuisse
241 2016 312 2049 quod
326 2016 445 2042 nonnulli
455 2015 637 2047 adfirmarunt,
648 2017 779 2040 testantur
789 2023 798 2038 ι
809 2015 883 2040 3918.

151 2051 178 2075 Ψ
186 2053 247 2083 850,
262 2051 351 2083 itaque
364 2050 414 2076 hoc
428 2049 505 2075 modo
520 2058 545 2075 κ.
556 2049 764 2082 interpretantur
773 2047 884 2080 Koepke

150 2085 333 2118 Kriegsweseu
357 2084 404 2110 der
427 2084 559 2110 Griecheu
582 2092 606 2117 p.
626 2085 671 2116 86,
694 2082 766 2115 adn,
790 2081 884 2107 Fried-

148 2119 220 2144 reich
244 2119 318 2145 Real.
337 2120 382 2151 86,
406 2118 542 2144 Buchholz
561 2117 635 2143 Real.
655 2117 666 2142 1
689 2120 718 2150 2,
741 2117 884 2147 340—342‚

149 2153 206 2183 alii,
233 2153 264 2179 cf.
289 2153 368 2178 etiam
391 2152 421 2178 Ο.
444 2152 559 2178 Mueller
582 2151 720 2177 Archaeol.
748 2150 773 2176 d.
797 2150 884 2175 Kunst

149 2187 218 2220 §583
234 2186 399 2212 Riedenauer
413 2186 523 2212 Handw.
539 2188 585 2212 111
600 2193 620 2211 s.
635 2184 780 2218 disputavit
793 2186 885 2209 contra

148 2221 272 2254 Lepsium
289 2221 342 2253 (qui
361 2220 429 2246 Abh.
449 2220 472 2245 d.
491 2220 560 2246 Berl.
576 2219 661 2245 Akad.
682 2221 745 2245 1871
764 2226 789 2251 p.
805 2220 837 2245 56
847 2225 881 2243 ss.

148 2254 264 2287 explicat
281 2263 305 2280 κ.
322 2262 379 2280 esse
394 2254 544 2280 caeruleum
559 2255 682 2285 colorem,
697 2252 883 2284 Lazurfarbe),

149 2296 194 2321 „es
218 2288 331 2320 scheint,
355 2289 451 2321 inquit,
471 2289 530 2314 eine
549 2287 648 2313 feinere
666 2289 718 2312 Art
737 2286 811 2312 Stahl
830 2286 884 2312 also

149 2322 288 2355 geheissen
320 2330 353 2348 zu
384 2323 483 2355 haben,
522 2322 569 2347 wie
602 2322 648 2347 ihu
679 2321 721 2346 die
754 2320 884 2346 Griechen

148 2356 217 2382 noch
236 2356 308 2381 nicht
327 2356 503 2382 herzustellen
523 2355 690 2387 verstanden‚
708 2354 756 2381 wie
775 2362 805 2380 er
822 2354 885 2380 aher

148 2398 168 2416 s.
191 2390 336 2415 fruehestes
356 2390 484 2423 Zeugniss
502 2397 550 2416 aus
569 2390 593 2415 (1.
615 2392 653 2416 12.
673 2389 766 2416 Jahrh.
785 2397 808 2414 v.
824 2388 883 2413 Chr.

148 2425 196 2450 hat
214 2424 241 2449 in
254 2427 360 2456 aegypt.
376 2424 525 2451 Basreliefs.
554 2425 609 2450 Der
623 2423 698 2449 Stahl
712 2422 776 2449 wird
791 2430 821 2448 so
836 2430 886 2448 nur

149 2461 266 2491 genanut
278 2465 320 2483 aui
335 2458 440 2483 Schilde
455 2458 501 2483 des
515 2459 616 2491 Agam„
637 2458 710 2483 einer
723 2456 885 2490 kyprischen

150 2493 174 2518 d.
198 2492 223 2517 h.
250 2491 371 2525 phoeniz.
395 2492 488 2517 Arbeit
515 2500 540 2519 u.
568 2500 602 2518 an
629 2492 653 2517 d.
673 2491 812 2517 Waenden
839 2490 885 2515 des

150 2526 263 2560 phaeak.
283 2525 528 2559 Koenigspalastes,
546 2534 579 2551 an
599 2526 658 2551 dem
678 2528 700 2551 2.
716 2525 820 2550 Schilde
839 2524 885 2550 des

150 2561 217 2586 Ach.
236 2568 261 2587 u.
281 2567 314 2586 an
332 2559 390 2585 dem
409 2559 453 2585 des
472 2560 630 2593 Herkules“,
649 2559 682 2586 cf.
701 2559 778 2585 eund.
796 2567 821 2592 p.
836 2559 886 2584 206

690 92 808 130 κύανος
827 111 866 114 -
887 95 1102 136 κυανοχαίτης

902 652 1021 677 'ductum
1039 652 1066 677 in
1085 651 1210 677 derivatis
1227 651 1363 685 κῦάνεος,
1386 652 1564 685 κῦανοπεζα,
1581 655 1633 678 effla

913 178 940 201 et
953 176 1119 209 Rougement
1132 177 1200 210 l’age
1214 177 1249 203 du
1263 177 1365 203 Bronze
1381 178 1429 204 159
1439 184 1459 203 s.
1475 179 1525 204 217
1534 185 1564 211 s.;
1578 178 1644 205 idem
1672 177 1674 202 Υ

912 217 937 242 p.
958 212 1006 236 186
1025 210 1160 244 distinguit
1177 211 1248 237 iuter
1266 209 1372 241 κύανος
1391 214 1418 237 et
1439 209 1548 245 χάλυψ,
1571 212 1644 240 illum
1671 210 1673 214 ’

913 244 982 269 enim
1001 251 1059 270 esse
1077 248 1166 271 terrae
1185 252 1284 278 sacrae,
1304 245 1470 277 Semitarum,
1487 245 1581 279 plagae
1594 254 1646 273 me—

912 278 1038 311 ridianae,
1049 278 1117 304 hunc
1126 279 1213 311 Ponti,
1222 279 1427 312 Iaphetidarum,
1438 279 1532 312 plagae
1542 282 1644 313 septen-

912 312 1032 337 trionalis
1050 312 1119 338 dicit.
1146 313 1233 338 Millin
1252 313 1427 346 Mineralogie
1445 313 1492 339 des
1510 313 1586 339 Hom.
1605 314 1643 342 ed.

912 345 982 371 Rink
1000 354 1026 378 p.
1045 347 1078 372 87
1100 346 1210 379 interpr.
1229 347 1376 380 plumbum,
1400 346 1447 373 sed
1469 355 1492 372 v.
1510 347 1644 374 Buchholz

912 382 976 411 3433
995 379 1040 405 alii
1059 380 1199 413 opinantur
1217 389 1242 406 κ.
1262 388 1320 406 esse
1340 388 1418 413 quem
1440 388 1489 406 nos
1512 381 1589 407 hodie
1624 393 1626 404 ε

912 413 1001 446 pidem
1009 414 1089 439 lazuli
1099 422 1234 447 vocamus3
1244 424 1267 440 v.
1273 418 1414 448 praeterea
1423 414 1542 440 Schmidt
1551 415 1642 449 Synon.

912 449 958 480 90,
982 449 1009 481 1,
1023 447 1181 474 Gladstone
1202 449 1271 474 hom.
1290 448 1364 474 Stud.
1387 448 1427 474 ed.
1446 448 1572 474 Schuster
1589 451 1641 477 359.

912 497 945 500 —
959 481 1068 507 Lobeck
1081 482 1195 515 Paralip.
1210 485 1268 516 316,
1287 482 1346 508 adn.
1362 484 1394 508 14
1407 482 1471 508 dicit
1485 482 1580 509 coloris
1593 491 1627 510 m

912 515 1022 548 tallique
1036 523 1138 549 nomen,
1157 516 1228 548 quod
1242 516 1312 549 apud
1327 516 1413 550 Hom,
1426 516 1498 549 Hes.,
1512 516 1642 550 Theophr.

912 549 1030 582 aliosque
1044 553 1214 582 proparoxyt.
1230 551 1272 583 sit,
1285 548 1392 580 κυανός
1406 550 1486 576 scribi
1499 550 1569 583 apud
1578 551 1654 578 Pht.-

912 583 1045 610 Phaedou.
1063 586 1110 610 113
1120 584 1145 617 b,
1164 584 1236 610 alios.
1251 599 1283 603 -
1297 583 1314 609 ὔ
1329 587 1370 610 est
1384 584 1472 617 breve,
1491 586 1520 609 ut
1537 584 1565 610 in
1578 591 1633 612 com
1649 599 1652 605 =

912 625 969 651 pos.
987 617 1202 651 κῢανόπρωρος
1217 621 1244 644 et
1257 626 1338 650 -ειος,
1352 617 1508 657 κῦανιῦπις,
1527 618 1574 652 sed
1587 627 1605 652 p
1623 630 1627 643 ι

912 683 1069 718 νόπεπλος,
1092 685 1297 719 κῦανοχαίτης,
1326 686 1359 712 cf.
1383 686 1500 712 Leskien
1525 686 1553 711 in
1575 686 1643 713 Curt

912 720 985 746 Stud.
1004 720 1029 745 11
1048 722 1089 752 72,
1107 720 1195 745 Berch
1214 720 1331 753 Compos.
1351 720 1375 746 d.
1389 720 1505 746 Nomina
1524 722 1563 747 10.

945 753 1165 787 κῦᾶνοχαὶτης
1183 756 1210 779 et
1227 757 1428 787 κυανοχαῖτα
1440 754 1482 786 (de
1496 760 1610 787 compos.
1621 762 1650 781 v

912 787 1101 814 Weissenborn
1120 787 1152 813 de
1174 787 1226 814 adi.
1250 796 1333 821 comp.
1352 788 1422 814 hom.
1441 790 1474 815 24
1492 790 1538 821 44,
1560 788 1598 814 Be
1633 789 1651 811 ι’

912 822 1003 855 Comp.
1024 822 1048 848 d.
1067 821 1182 848 Nomina
1202 824 1245 855 12,
1263 821 1420 855 Heerdegen
1438 821 1471 847 de
1489 829 1557 848 nom.
1576 829 1632 848 com
1647 817 1651 853 ἶ

911 863 968 888 pos.
987 856 1126 889 generibus
1149 857 1194 889 50,
1217 856 1290 882 Stolz
1313 863 1423 888 zusges.
1442 856 1556 882 Nomina
1573 857 1589 882 9
1610 868 1628 879 ν
1648 879 1650 882 .

912 890 1030 922 Schaper
1052 890 1080 915 in
1102 890 1182 916 Kuhn
1204 890 1305 916 Ztschr.
1325 890 1402 916 XXII
1424 891 1487 924 522,
1510 889 1542 916 cf.
1570 890 1648 920 eti·-v
1679 911 1684 924 .,

913 924 1019 950 Curtius
1042 924 1084 950 Et.
1104 925 1166 956 546,
1193 923 1226 950 de
1250 933 1266 949 v
1289 924 1416 957 producto
1443 933 1466 950 v.
1490 931 1511 950 s.
1533 922 1651 954 κὺανος

911 958 952 983 De
974 961 1086 984 accentu
1109 966 1132 984 v.
1151 958 1249 984 Herod.
1273 958 1314 984 ed.
1337 958 1422 984 Lentz
1444 959 1456 983 I
1478 960 1524 990 82,
1548 959 1591 991 13,
1611 957 1637 984 &f
1683 972 1684 975 =

911 995 1052 1024 praeterea
1070 992 1096 1017 II
1114 993 1176 1024 679,
1195 994 1228 1019 32
1250 993 1313 1025 851,
1332 993 1382 1024 21).
1421 992 1559 1025 Leguntur
1579 999 1634 1018 nom

911 1027 1103 1059 κυανοχαίτης
1124 1026 1161 1059 (Y
1179 1028 1228 1052 144
1252 1036 1260 1050 ι
1284 1028 1355 1059 536),
1376 1028 1476 1058 -χαῖτα
1497 1026 1535 1059 (Ν
1555 1026 1604 1053 563
1620 1040 1636 1053 ›-

912 1061 978 1093 390),
997 1060 1029 1086 cf.
1048 1061 1165 1086 Ariston.
1184 1059 1218 1086 ad
1237 1060 1265 1085 N
1281 1062 1330 1087 563
1348 1062 1375 1085 et
1393 1059 1422 1085 11
1438 1062 1486 1087 185
1508 1062 1536 1086 et
1553 1059 1630 1086 Friod

911 1094 1021 1120 laender
1035 1094 1151 1120 Ariston.
1167 1096 1207 1127 18,
1222 1094 1329 1120 Lobeck
1343 1094 1418 1119 Path.
1429 1094 1461 1120 el.
1473 1094 1498 1119 11
1514 1095 1570 1126 166,
1590 1093 1625 1116 :'.

911 1128 983 1154 richs
1002 1128 1034 1154 de
1048 1129 1116 1154 hom.
1132 1128 1198 1154 eloe.
1213 1128 1304 1161 vestig.
1320 1128 1385 1154 aeol.
1402 1130 1433 1155 13
1448 1131 1474 1154 et
1488 1129 1529 1160 94,
1547 1129 1596 1153 An
1619 1138 1621 1143 ⁴

911 1170 991 1188 mann
1014 1162 1041 1188 in
1064 1163 1136 1189 Curt.
1155 1162 1229 1188 Stud.
1245 1162 1269 1188 V
1287 1163 1344 1189 400.
1385 1162 1447 1188 Dat.
1472 1160 1635 1196 κυανοχαίτῃ
1675 1166 1682 1194 ,ζ

917 1197 939 1221 Υ
951 1198 1002 1222 224
1020 1205 1037 1229 γ
1051 1198 1075 1230 6,
1094 1203 1151 1222 voc.
1170 1197 1266 1229 -χαῖτα
1287 1196 1308 1222 O
1324 1198 1372 1222 174
1390 1198 1438 1223 201
1459 1205 1468 1221 ι
1482 1197 1532 1222 528
1549 1195 1575 1222 11.
1589 1194 1634 1223 001¹
1675 1199 1677 1209 ¹

911 1232 962 1256 347
979 1230 1055 1256 XXII
1074 1232 1097 1257 6.
1133 1230 1183 1256 Est
1200 1231 1227 1256 in
1246 1230 1274 1256 Il.
1293 1231 1378 1256 sexies
1396 1230 1433 1262 (iu
1450 1230 1536 1256 altera
1556 1232 1628 1263 pam

911 1264 958 1290 Od.
974 1268 1023 1297 ter,
1043 1265 1069 1290 in
1088 1264 1192 1298 hymnis
1212 1264 1258 1290 bis.
1286 1264 1361 1290 Nom.
1377 1266 1474 1297 -χαῑτα
1492 1264 1519 1289 in
1537 1263 1646 1297 introi„
1677 1294 1679 1296 ¹

910 1305 1012 1331 versus,
1036 1305 1091 1324 voe.
1110 1301 1210 1331 -χαῖτα
1229 1298 1311 1324 semel
1329 1298 1363 1331 (h.
1383 1298 1440 1324 Cer.
1459 1300 1518 1328 347)
1539 1298 1633 1327 ineun
1676 1312 1679 1318 .

911 1335 935 1358 2.
958 1332 1037 1365 pede,
1061 1340 1118 1358 voc.
1142 1332 1240 1358 ceteris
1264 1332 1328 1358 locis
1352 1332 1474 1358 omnibus
1496 1334 1523 1357 et
1545 1331 1594 1358 dat.
1615 1337 1643 1358 e*
1672 1345 1673 1348 =

911 1374 978 1393 nom.
998 1375 1057 1398 -της
1075 1366 1101 1391 in
1120 1366 1193 1392 exitu
1211 1373 1311 1399 versus,
1332 1365 1364 1392 cf.
1383 1366 1462 1392 etiam
1481 1366 1566 1391 Bekk.
1579 1365 1605 1392 11
1617 1378 1644 1399 11,

912 1400 978 1426 Bl.I
997 1402 1030 1427 30
1049 1403 1076 1426 et
1094 1401 1133 1426 La
1151 1400 1244 1426 Roche
1262 1400 1287 1426 h.
1304 1400 1334 1427 U.
1354 1402 1411 1426 164.
1447 1400 1578 1432 Nigrum
1594 1405 1645 1426 eo

911 1442 989 1459 mam
1003 1434 1137 1467 habens,
1151 1434 1182 1460 cf.
1195 1434 1321 1460 Schuster
1335 1435 1362 1459 in
1372 1434 1476 1460 Ztschr.
1491 1434 1508 1459 f.
1523 1433 1611 1467 Gymn.
1657 1442 1661 1447 ·

911 1468 961 1494 XV
980 1471 1029 1495 713
1048 1470 1110 1500 717,
1134 1468 1302 1494 Riedenauer
1320 1468 1429 1494 Handw.
1447 1468 1475 1494 in
1492 1468 1560 1495 hom.
1577 1467 1642 1494 Zm*

913 1504 969 1535 197,
988 1502 1107 1528 Schmidt
1121 1503 1218 1536 Synon.
1232 1504 1273 1535 90,
1289 1505 1312 1536 1,
1327 1502 1428 1528 Goebel
1442 1502 1528 1528 Lexil.
1541 1502 1554 1527 Ι
1569 1502 1613 1528 188
1623 1503 1642 1523 :³²
1677 1503 1684 1525 ἱ.

910 1535 1267 1569 Ραταρὴι.11.μελανόθριξ
1275 1540 1301 1562 et
1310 1535 1447 1568 μελαίνας
1457 1533 1531 1569 ἔχων
1539 1533 1618 1569 τρίχα
1635 1542 1639 1565 g
1674 1545 1684 1553 ·

911 1570 990 1603 Suid.,
1005 1570 1069 1596 Zon.
1086 1572 1159 1602 1262,
1175 1571 1267 1596 anecd.
1279 1570 1324 1596 Gr.
1339 1570 1378 1596 ed.
1390 1570 1519 1596 Bachm.I
1534 1571 1589 1603 284,
1602 1570 1629 1595 10
1676 1576 1681 1584 ³

910 1605 972 1630 Hes.
983 1604 1171 1637 μελανόθριξ,
1185 1604 1302 1630 additum
1312 1608 1354 1630 est
1362 1612 1405 1637 ap.
1415 1604 1488 1630 Suid.
1502 1603 1569 1630 etB
1598 1614 1601 1624 ι
1614 1614 1624 1624 υ
1636 1599 1642 1606 “
1675 1616 1678 1624 ·

910 1636 1127 1672 πορφυρόθριξ.
1157 1639 1240 1671 1)Est
1253 1639 1390 1672 epitheton
1400 1637 1525 1672 Neptuni.
1551 1637 1608 1664 Dan
1621 1641 1641 1658 ι’
1670 1647 1683 1657 -ν

910 1673 995 1698 undas
1012 1676 1100 1699 motas
1119 1673 1278 1706 nigricantes
1296 1680 1354 1698 esse
1373 1672 1438 1698 dicit
1460 1672 1535 1705 quasi
1557 1678 1617 1698 con*
1636 1698 1640 1709 ι

910 1707 1037 1739 quasdam
1055 1707 1148 1740 maris,
1171 1706 1202 1732 cf.
1222 1707 1350 1732 Welcker
1372 1706 1470 1739 griech.
1490 1702 1610 1732 (108111811-
1636 1723 1638 1725 -

910 1743 972 1773 627,
997 1741 1099 1766 Preller
1116 1741 1214 1773 griech.
1232 1740 1316 1773 Myth.
1336 1741 1348 1766 1
1366 1742 1429 1773 475,
1452 1741 1511 1766 Am.
1530 1739 1563 1766 ad
1583 1746 1601 1773 y
1620 1732 1642 1774 e!

909 1775 1047 1800 Buchholz
1070 1774 1143 1801 Real.
1170 1775 1180 1800 1
1200 1778 1228 1807 2,
1251 1777 1313 1807 342,
1336 1774 1466 1800 Kraemer
1488 1774 1584 1800 Beiwo·
1608 1782 1640 1811 ιι,

912 1812 944 1835 10
953 1816 981 1841 s.,
996 1809 1091 1835 Anton.
1103 1812 1179 1842 etym.
1190 1809 1265 1834 Erkl.
1276 1809 1346 1835 hom.
1354 1809 1476 1835 Woerter
1486 1810 1532 1840 353
1545 1807 1609 1834 Goe=
1620 1816 1626 1827 ’-

909 1843 936 1868 in
950 1843 1053 1869 Ztschr.
1071 1843 1089 1868 f.
1110 1847 1174 1869 oest.
1190 1844 1283 1876 Gymn.
1299 1842 1388 1868 XXIV
1402 1844 1464 1869 246:
1484 1842 1540 1874 „Ist
1556 1839 1650 1867 Penei

910 1877 963 1902 don
983 1877 1030 1902 der
1049 1877 1131 1902 ueber
1148 1877 1190 1903 die
1204 1877 1277 1902 Erde
1295 1876 1505 1902 dahiufahrende
1523 1884 1548 1902 u.
1562 1873 1619 1902 off

910 1911 969 1936 bart
988 1918 1017 1936 er
1035 1911 1090 1936 sich
1105 1911 1144 1936 als
1159 1911 1263 1936 solcher
1277 1911 1400 1936 namentl.
1414 1911 1480 1936 auch
1496 1910 1531 1935 im
1543 1908 1593 1938 Re
1603 1911 1637 1942 ³¹¹}
1680 1934 1684 1937 .

910 1945 1039 1978 gewoelk,
1058 1953 1086 1971 so
1105 1954 1134 1971 w.
1155 1945 1197 1970 die
1217 1945 1333 1970 dunkeln
1351 1943 1547 1978 Regenwolken
1563 1942 1589 1969 d·
1614 1947 1635 1979 ⁹3
1670 1952 1684 1972 ει

910 1979 1055 2004 Poseidons
1073 1979 1254 2005 stahlfarbene
1272 1979 1380 2005 Locken
1403 1976 1588 2012 symbolisirt“‚
1606 1982 1620 2002 c
1673 1982 1679 2006 1

910 2013 987 2039 eund.
1006 2013 1090 2040 Lexil.
1109 2014 1120 2039 I
1142 2015 1189 2039 189
1208 2016 1235 2038 et
1253 2013 1365 2039 Duentz.
1384 2012 1418 2038 ad
1436 2021 1453 2045 γ
1470 2014 1498 2044 6,
1521 2010 1554 2037 cf.
1570 2018 1588 2044 p
1605 2020 1638 2040 ἐγ
1683 2043 1684 2046 ,

910 2050 983 2073 terea
1001 2047 1192 2073 Fricdlaender
1211 2050 1226 2073 2
1244 2047 1311 2074 hom.
1328 2047 1519 2073 Woerterverz.
1533 2046 1589 2072 775.
1629 2046 1635 2079 g
1668 2052 1684 2074 ,t

910 2083 959 2107 563
979 2078 1165 2114 ἀμενήνωσεν
1183 2080 1215 2106 δέ
1234 2079 1262 2106 οὶ
1283 2079 1388 2114 αἰχμὴν
1401 2081 1574 2113 κυανοχαῖτα
1586 2076 1635 2120 Hs]
1676 2086 1684 2110 ⁴34

911 2112 1050 2148 σειόάων,
1083 2116 1108 2142 Ξ
1133 2117 1184 2141 390
1211 2111 1293 2155 ἔριδα
1321 2113 1478 2155 πτολέμοιο
1504 2110 1650 2144 τάνυσσ
1666 2127 1672 2133 1

910 2147 1623 2220 {12‘1'1053352-593152252‘3335.2⁶2}..33522502323'
1644 2180 1648 2185 ·

911 2220 1038 2249 νοχαῖτα.
1081 2219 1176 2250 0-174
1201 2215 1339 2251 ἀγγελίην
1364 2213 1430 2242 τινά
1454 2224 1501 2241 τοι
1526 2219 1607 2248 γαιηο
1634 2216 1647 2232 ’ν
1671 2227 1684 2243 μ

911 2254 1087 2284 κυανοχαῖτα
1104 2252 1195 2284 η’λθοι·
1210 2253 1296 2284 δεῦρο
1312 2249 1453 2284 φέρουσα,
1467 2249 1498 2276 cf.
1513 2246 1589 2275 schol.
1608 2263 1613 2267 ·
1626 2260 1647 2270 υ
1665 2252 1681 2269 '=

913 2286 935 2310 O
954 2287 1001 2311 201
1023 2284 1057 2319 δή
1076 2294 1118 2310 τοι
1140 2282 1259 2318 γαιήοχε
1278 2293 1367 2310 κυανο
1389 2288 1454 2310 αῖτα
1467 2281 1551 2309 τόνδε
1563 2278 1613 2315 φέρ
1640 2273 1651 2322 Ξ
1667 2290 1684 2315 Q

911 2320 1018 2352 μῦθον,
1047 2329 1064 2352 γ
1087 2322 1103 2346 6
1128 2318 1194 2352 ἱερὰ
1217 2319 1310 2353 ῥέζον,
1334 2326 1459 2352 ταυρους
1481 2315 1610 2348 ἐνοσίχθθ
1646 2334 1654 2352 7
1674 2326 1684 2350 2⁴:

911 2354 1098 2392 κυανοχαίτῃ.
1134 2354 1295 2379 Substantivi
1314 2353 1398 2379 locum
1417 2351 1529 2391 obtinet:
1557 2349 1578 2375 Υ
1593 2350 1614 2375 1
1639 2340 1650 2364 ⁸
1668 2353 1684 2384 ..j

912 2384 1042 2420 ἡγησατο
1061 2387 1261 2420 κυανοχαίτης,
1282 2397 1289 2412 ι
1306 2389 1354 2413 536
1368 2388 1419 2412 τοῦ
1439 2387 1465 2411 δ’
1481 2385 1563 2410 εκλυε
1575 2389 1618 2408 κν
1634 2385 1646 2410 1⁷
1667 2392 1679 2415 J]

1591 2416 1644 2442 ³³
1672 2433 1683 2447 „

1073 2477 1078 2482 .
1194 2476 1200 2488 ,
1303 2476 1308 2481 ,

912 2492 1044 2522 νοχαῑτα,
1071 2488 1335 2522 καταφθιμένοισιν
1362 2486 1507 2525 ἀνάσσῳι·,
1530 2452 1565 2511 ct?
1594 2517 1600 2522 ¹

912 2523 968 2548 Alc.
987 2525 1038 2549 439
1054 2522 1146 2553 Ἀίδας
1166 2518 1180 2549 ὁ
1200 2522 1392 2556 μελαγχαίτας
1409 2523 1484 2550 θεος.
1519 2521 1546 2550 3)
1561 2524 1602 2550 ep!

911 2557 1023 2591 Boreae,
1043 2558 1087 2590 qui
1105 2557 1197 2585 similis
1212 2557 1296 2584 factus
1310 2564 1377 2590 equo
1391 2555 1465 2588 nigra
1478 2553 1540 2580 iuba
1552 2557 1612 2578 om

1576 2457 1639 2481 κν(
1677 2471 1681 2481 2

1578 2482 1610 2510 Ε.
