1705 2767
12 2141 19 2240 l

7 2279 20 2345 l

652 90 746 134 μόγις
765 109 803 113 -
822 96 924 132 μοῖρα

41 166 151 210 ἀθετεῖ,
170 179 183 196 ε
198 172 248 197 449
265 180 281 203 η
301 174 350 199 147
373 180 388 198 ο
403 174 453 200 488
476 180 499 206 ψ
512 176 562 202 388
586 184 608 200 ω
623 177 682 208 207,
705 171 778 201 ὅσσα

40 211 155 243 μογησα
173 213 193 236 μ
204 207 253 232 259
272 214 287 237 η
298 208 347 232 214
367 206 383 236 ξ
395 209 442 233 198
461 207 491 234 cf.
511 217 531 240 μ
544 211 591 236 190
606 218 622 242 ρ
636 211 683 236 119
697 209 776 235 schol.

41 238 65 264 H
80 237 156 264 de.
170 240 218 265 133
237 238 378 272 γράφεται
395 239 533 276 δάμησαν,
553 244 633 270 9490
651 244 777 277 expungi-

41 275 84 298 tur
98 279 114 298 a
128 271 261 306 Bekkero,
282 274 298 298 δ
310 276 356 300 107
373 277 421 301 152
436 282 458 308 ψ
468 278 525 309 307,
540 276 631 303 τόσσα
645 277 777 311 μόγησαν

42 306 57 331 δ
70 307 134 345 1106.
173 307 367 340 coniunguntur
389 309 482 335 πολλὰ
503 309 598 336 πάθον
617 312 665 336 καὶ
683 309 777 337 πολλὰ

40 347 152 372 μογησα
176 340 253 367 Ι492
277 349 289 366 ε
305 343 353 368 223
376 343 397 368 θ
413 346 460 371 155
484 344 517 371 cf.
543 346 570 370 Ψ
585 348 642 372 607.
678 346 714 377 II)
731 346 777 371 in-

39 377 140 412 trans.
159 374 326 407 participium
345 383 429 409 praes.
448 382 593 411 usurpatur
612 380 660 412 ita,
685 383 714 405 ut
733 379 777 405 ad-

41 407 123 433 verbu
146 407 234 434 locum
256 412 345 435 teneat
368 410 399 436 cf.
418 411 459 437 La
477 412 567 439 Roche
586 413 659 440 stud.
678 422 703 446 p.
720 415 776 445 158,

42 441 150 467 Classen
166 442 245 468 Beob.
259 451 283 476 p.
294 445 335 470 91.
358 445 383 469 A
395 447 444 472 626
459 446 490 472 M
500 448 532 473 29
547 456 569 472 ω
580 449 636 474 388.
647 462 679 466 —-
691 447 777 474 Collo-

42 478 116 514 catur
123 475 286 514 plerumque
304 481 384 511 atque
403 480 570 513 participium
585 489 639 507 aor.
656 481 776 507 omnibus

39 509 102 535 locis
121 517 157 548 in·
170 509 230 549 fine.
245 518 350 545 versus,
373 517 512 546 praeterea
535 515 635 541 formae
658 517 691 541 ab
713 523 776 547 aug-

37 545 128 569 mento
150 544 306 577 incipientes
337 546 363 572 in
391 547 460 573 thesi
486 548 573 575 altera
599 549 640 575 vel
667 553 775 582 quarta,

40 581 185 616 augmento.
207 579 327 618 priuatae
351 581 378 606 in
400 583 547 614 posteriore
571 582 639 609 thesi
666 583 776 609 alterius

38 611 79 637 vel
99 614 186 642 quarti
204 612 277 645 pedis
297 613 329 640 cf.
349 615 437 641 Ameis
455 616 482 642 in
501 624 560 650 app.
579 617 613 642 ad
631 618 651 651 β
663 619 720 644 343.

39 644 170 705 afflig?
183 646 325 713 55³⁴ssss&
344 648 553 710 {²¹3ssimcl‘1-{Q
564 651 631 710 ¹3⁰5·
645 651 776 712 iPdi⁰23¹¹3r

67 699 72 704 .
162 700 168 705 .
227 702 232 706 .
328 702 333 707 .
425 705 431 716 ,
514 693 539 710 iu
594 693 606 709 r
626 694 646 710 z.
696 707 701 711 .

40 712 168 752 Kuehner
186 715 218 740 A.
238 714 298 740 Οτι-,Ξ
320 716 331 741 Ι
349 725 374 749 p.
390 719 438 744 725
461 718 519 745 adn.
539 721 563 749 2.
586 694 776 744 Νείεεξῃῦοιτῖ

39 746 72 772 de
91 747 141 773 ad1.
161 756 245 781 comp.
265 757 290 782 p.
300 752 324 776 4.
360 751 490 777 modalem
505 753 638 778 existimat
652 753 775 784 Hartung

38 780 121 820 Casus
135 789 159 815 p.
170 784 228 823 2221.
247 783 277 809 E.
293 783 329 809 M.
349 786 399 824 589
418 788 450 812 22
471 785 570 826 μόγις·
588 785 684 818 μόλις·
703 787 775 819 μετὰ

37 822 142 840 πονου’
174 824 230 841 απο
250 820 303 842 τοῦ
324 826 417 849 μογος
441 818 458 844 o‘
477 828 575 851 πονος,
616 821 648 847 de
666 824 775 847 accentu

37 848 135 875 Herod.
158 850 237 876 schol.
261 852 286 877 A
308 852 342 877 ad
366 852 474 886 11324.)
497 855 551 887 vix,
574 862 660 888 aegre.
697 856 775 882 1355

40 882 65 921 ᾅζ
78 885 129 910 417
145 883 243 923 ..Υ-412
258 894 284 924 ,γ
300 888 347 912 119
372 894 387 911 τ
403 889 458 914 189.
495 889 580 921 primo
600 889 657 915 loco
676 889 703 915 in
722 896 776 914 om-

38 916 115 943 nibus
133 917 208 944 hbris
225 927 310 958 ,u'oytg
329 919 436 954 legitur,
460 923 554 948 ceteris
573 923 615 949 vel
634 923 776 956 pauciores

37 951 79 976 vel
101 951 191 990 plures
212 954 298 984 μολις
320 954 458 989 exhibent,
482 957 550 989 quod
569 964 639 982 nunc
658 957 774 983 Homero

38 985 71 1011 ab
86 984 232 1012 editoribus
250 987 425 1015 abiudicatur.
466 990 564 1017 Ultima
578 991 686 1025 syllaba,
706 998 774 1024 quae

37 1021 132 1045 natura
153 1020 234 1053 longa
256 1024 379 1056 putatur,
401 1023 431 1048 X
446 1025 496 1050 412
518 1028 580 1051 ante
605 1022 682 1058 ἔχον,
706 1025 774 1058 quod

37 1052 143 1112 guidem
165 1054 273 1081 verbum
296 1056 368 1089 prius
390 1064 406 1083 a
433 1065 548 1085 consona
574 1059 685 1092 incepit,
714 1067 775 1092 pro-

56 1091 140 1113 ncitur
155 1087 186 1114 cf.
201 1088 295 1115 Hartel
314 1090 384 1116 hom.
399 1091 473 1118 stud.
493 1093 505 1118 I
518 1101 543 1126 p.
557 1096 604 1120 106
615 1101 634 1120 s.
645 1109 677 1112 —
689 1093 775 1119 Collo-

36 1124 112 1163 catur
135 1122 255 1148 omnibus
279 1124 342 1150 locis
359 1129 421 1158 post
439 1133 589 1161 caesuram,
614 1135 681 1160 quae
699 1125 774 1153 κατὰ

35 1163 134 1189 τριτον
152 1159 293 1190 τροχαῖον
311 1162 429 1185 vocatur.

36 1188 375 1259 Ὲιῖιόξῖἷᾶἓῖἷιὶἶῒῑῗῗ
389 1192 774 1255 ῧέἓὲῗᾞὲἒῗιῗρῖιῖθὲῃῖῗ

36 1259 126 1291 p.689.
141 1258 275 1285 Duentzer
285 1259 364 1286 Kuhn
375 1261 475 1288 Ztschr.
486 1263 536 1289 XV
547 1271 570 1296 p.
578 1265 628 1290 336
637 1263 682 1289 lat.
692 1263 775 1289 moles

37 1295 182 1326 comparat,
200 1293 243 1319 cui
261 1295 374 1320 assentit
392 1295 491 1322 Goetze
509 1297 536 1322 in
555 1297 627 1323 Curt.
642 1297 715 1323 Stud.
736 1297 774 1323 Ib

38 1333 63 1358 p.
76 1328 132 1353 172.
159 1326 207 1353 sed
220 1335 309 1354 vocem
324 1329 437 1361 primum
452 1337 468 1355 a
482 1330 577 1357 litteris
593 1339 629 1362 σμ
644 1331 775 1364 incepisse

35 1359 177 1386 Hoffmann
195 1365 295 1394 quaest.
309 1362 386 1389 Hom.
401 1363 413 1389 I
432 1372 455 1396 p.
469 1366 524 1397 156,
544 1365 601 1391 Leo
616 1365 707 1397 Meyer
726 1365 775 1398 vgl.

37 1394 82 1420 Gr.
101 1394 113 1420 Ι
135 1402 160 1433 p:
178 1397 226 1421 197
244 1395 348 1422 collatis
367 1397 474 1424 vocibus
493 1397 638 1432 σμυγερός
657 1398 775 1430 ἐπισμυ-

35 1430 129 1462 γερῶς
150 1429 275 1468 iudicant.
316 1430 347 1456 E.
366 1431 403 1458 M.
423 1434 472 1458 589
495 1435 528 1459 50
550 1431 655 1467 μόγος·
682 1434 777 1458 ταλαι-

38 1461 136 1495 πωρία
155 1471 293 1503 κὶᾳματος.
324 1462 404 1498 παρὰ
421 1465 453 1491 τὸ
472 1466 562 1500 μέγας
575 1468 635 1494 κτλ,
655 1468 686 1494 cf.
701 1467 732 1492 Ε.
745 1467 775 1493 G.

36 1498 86 1523 396
112 1498 145 1523 35
169 1507 184 1530 η
213 1495 292 1531 παρὰ
315 1495 348 1524 τὸ
376 1497 498 1533 οἰμωγή.
540 1498 555 1533 ’ὴ
579 1502 657 1535 παρὰ
680 1500 712 1527 τὸ
737 1500 774 1534 μὴ

37 1528 88 1570 ἐᾷν
98 1529 151 1571 τὴν
160 1529 424 1573 ψυχὴνγάννυσθαι
436 1530 452 1560 ὅ
463 1532 523 1560 ἐστι
538 1535 659 1568 χαίρειν.
684 1534 776 1567 μόνος

37 1565 252 1632 131εὲ5313
266 1569 716 1633 Ῐὲἶέἱέῗέιῗῗέὲιιὲἓῖὲἓὲᾶἓξεξὲ
727 1571 776 1630 ἓὲἷῖ

40 1632 73 1659 de
91 1637 204 1660 accentu
218 1643 239 1660 v.
251 1636 312 1661 Arc.
328 1644 351 1668 p.
362 1638 395 1662 47
411 1639 433 1668 1,
452 1637 483 1663 Ε.
495 1637 525 1663 G.
541 1640 589 1664 372
604 1640 645 1671 35,
665 1638 777 1664 Schroe-

39 1666 97 1700 der,
121 1667 163 1693 die
185 1669 393 1701 Accentgesetze
420 1670 467 1696 der
493 1671 560 1697 hom.
584 1672 659 1698 Nom.
688 1672 776 1705 Comp.

38 1701 142 1742 Dorpa‘t
153 1704 218 1729 1877
232 1711 259 1742 ρ,
267 1705 300 1729 22
314 1705 355 1730 27.
378 1703 410 1729 de
425 1705 615 1738 significatione
630 1715 651 1732 v.
662 1706 777 1740 Hesych.

40 1743 84 1768 qul
97 1743 202 1768 μογος·
220 1744 310 1767 πονος
325 1735 439 1770 ὄχλησις
457 1739 569 1772 μόχθος
583 1739 776 1773 κακοπάθεια,

37 1769 114 1796 Eust.
131 1772 196 1797 1146
215 1773 230 1796 7
249 1770 294 1803 qui
308 1770 437 1803 κάματος
451 1773 678 1807 interpretantur.)
691 1775 775 1807 labor,

38 1811 171 1830 aerumna.
184 1805 250 1843 ,Δ27
264 1802 337 1838 ἱδρῶ
352 1807 388 1840 θ’,
404 1803 437 1832 ὃν
455 1804 571 1841 ἵδρωσα
585 1807 680 1845 μόγῳ.
700 1809 776 1834 Deri-

39 1842 134 1878 vantur
150 1847 236 1879 μογις
253 1838 364 1874 μογέω,
383 1845 576 1874 componuntur
594 1840 776 1876 μογοστόκος

40 1869 183 1905 ἀμογητος
201 1873 333 1907 αμογητί.
365 1875 398 1901 cf.
414 1876 495 1901 etiam
509 1876 700 1903 Friedlaender
714 1877 775 1903 krit.

38 1906 194 1940 Benutzung
214 1907 260 1934 der
279 1906 325 1935 ἅπ.
344 1906 398 1942 εἰρ.
418 1909 484 1936 Phil.
505 1912 568 1937 1851
588 1919 613 1944 p.
627 1913 685 1938 236.

70 1939 279 1980 μογοστόκος
292 1943 335 1975 (ab
349 1943 409 1969 aliis
424 1951 483 1969 cum
497 1944 631 1971 derivetur
645 1952 661 1970 a
674 1943 775 1978 μάγος,

40 1982 107 2008 quae
117 1978 200 2001 torma
210 1977 352 2002 accusativi
368 1977 452 2003 locum
462 1982 560 2011 teneat,
571 1982 598 2004 et
608 1987 624 2005 a
633 1980 715 2012 stirpe
725 1987 775 2004 τεκ

38 2009 70 2035 ct.
89 2009 162 2035 Stolz
185 2014 361 2043 zus.gesetzte
379 2011 456 2039 Nom.
481 2020 506 2045 p.
528 2014 559 2039 18
577 2015 623 2046 44,
645 2013 777 2045 Roediger

39 2042 71 2069 de
93 2043 174 2076 prior.
197 2044 224 2070 in
247 2052 315 2071 nom.
341 2045 383 2071 Gr.
409 2053 494 2078 comp.
518 2047 625 2073 membr.
649 2047 776 2073 conform.

39 2076 83 2103 fin.
105 2085 130 2110 p.
148 2079 181 2104 83
195 2085 214 2104 s.
243 2080 274 2105 91
290 2086 318 2112 s.,
347 2079 516 2113 Schoenberg
543 2081 664 2114 Compos.
691 2090 715 2113 p.
737 2083 776 2113 18,

40 2111 130 2137 Fedde
148 2111 233 2138 Wort.
252 2113 314 2139 Zus.
337 2113 381 2139 bei
404 2114 480 2140 Hom.
500 2115 511 2140 I
530 2122 555 2148 p.
576 2118 606 2142 14
629 2115 777 2148 explicatur

39 2145 160 2186 „dolores
170 2146 224 2172 sive
237 2146 341 2173 labores
355 2148 473 2181 gignens,
484 2148 625 2176 efficiens“.
645 2149 697 2175 Sed
707 2149 776 2182 quod

41 2187 133 2211 μογος
155 2181 298 2207 accusativi
321 2181 378 2207 loco
402 2189 459 2208 esse
482 2190 561 2215 posse
584 2191 637 2209 nou
664 2183 777 2215 videtur,

40 2213 114 2240 Eust.
132 2215 183 2240 843
197 2215 240 2247 57,
258 2215 403 2241 Buttmann
422 2216 453 2242 A.
472 2216 531 2249 Spr.
546 2217 558 2242 I
576 2225 601 2250 p.
612 2219 660 2244 351
677 2225 696 2243 S.
716 2217 775 2243 adn.

15 2242 19 2276 Ι
41 2249 80 2280 11,
98 2247 225 2274 Kuehner
238 2249 269 2274 A.
285 2249 343 2276 Gr.‘-'
357 2250 369 2275 Ι
383 2258 407 2282 p.
418 2251 468 2277 797
487 2250 547 2277 adn.
559 2253 581 2283 7,
600 2252 688 2277 Anton
707 2251 775 2277 hom.

40 2281 126 2315 Etym.
140 2282 153 2307 I
167 2290 193 2315 p.
203 2284 235 2309 22
249 2283 331 2316 sigma
346 2284 402 2309 soni
422 2291 516 2310 caussa
530 2284 658 2311 insertum
673 2288 775 2319 putant.

40 2314 102 2342 Pott
119 2316 163 2343 Et.
177 2316 283 2342 Forsch.
304 2318 330 2343 1¹
352 2325 377 2350 p.
391 2317 534 2344 XXXVIII
552 2319 639 2345 W.W.
653 2319 665 2345 1
683 2327 707 2352 p.
718 2321 776 2351 996,

10 2346 21 2370 »“
41 2348 230 2376 Weissenborn
249 2350 281 2376 de
301 2350 341 2377 ad.
360 2359 442 2384 comp.
461 2360 486 2385 p.
498 2355 531 2379 20
548 2354 579 2379 31
599 2353 673 2386 prius
697 2361 776 2378 mem-

1453 91 1534 123 1113

804 173 942 207 quominus
955 173 1096 207 probemus
1105 172 1186 205 notio,
1201 179 1268 205 quae
1279 172 1339 199 inde
1350 173 1463 200 efficitur
1474 174 1536 207 „do-

803 209 871 235 lores
884 208 992 234 arcens‘*
1012 210 1041 234 ut
1055 214 1122 240 quae
1136 207 1279 233 abhorreat
1292 207 1325 233 ab
1340 207 1536 235 Εἰλειθυιάων

804 243 911 268 dearum
926 246 1029 274 natura,
1043 241 1161 274 impedit.
1181 241 1213 266 de
1228 244 1285 267 tota
1295 242 1447 274 quaestione
1461 243 1493 268 οῖ’.
1505 244 1535 269 G.

803 277 896 310 Meyer
910 276 992 302 Beitr.
1016 276 1042 301 in
1067 276 1138 301 Curt.
1161 275 1235 301 Stud.
1258 276 1283 301 V
1301 283 1325 307 p.
1341 277 1373 301 95
1383 283 1402 301 s.
1439 277 1536 303 Forma

803 311 899 344 prioris
918 310 1028 336 membri
1043 317 1111 342 quae
1130 309 1234 335 exsistit
1248 309 1399 341 difficultaS,
1418 315 1446 335 ut
1460 311 1536 336 tollat

804 344 897 370 deinde
920 344 989 370 idem
1006 344 1073 369 Fick
1092 343 1122 369 E.
1142 343 1198 370 W.³
1217 343 1228 369 I
1247 351 1271 376 p.
1287 345 1336 370 708
1360 344 1448 376 priore
1468 352 1536 370 com-

803 379 883 411 positi
902 381 977 411 parte
997 378 1030 404 ad
1048 377 1103 403 rad.
1122 377 1174 403 skr.
1194 377 1272 410 magh
1294 377 1420 403 adiuvare
1443 378 1536 411 relata,

803 410 960 445 φερέσβιος
978 411 1107 437 adiectivo
1128 415 1291 444 comparato,
1310 412 1474 444 „partionem
1493 412 1537 438 ad-

803 446 911 472 iuvans“
930 446 1135 479 interpretatur(
1162 445 1193 471 cf.
1209 445 1329 471 Am.-He.
1348 445 1374 471 in
1388 453 1447 478 app.
1464 446 1497 472 ad
1511 447 1536 471 A

803 481 852 507 269
863 487 883 506 S.
920 480 999 512 Apud
1018 483 1119 505 veteres
1138 479 1284 512 explicatur
1302 479 1329 505 in
1347 479 1429 505 schol.
1448 481 1472 505 A
1490 480 1536 506 int.

802 515 828 539 Λ
840 516 890 540 270
902 512 929 538 αὶ
941 512 1009 540 τοὺς
1022 512 1132 545 μόγους
1148 511 1398 547 ἑπικουφίζουσαι,
1410 513 1441 539 cf.
1454 514 1536 540 schol.

802 548 849 573 BD
869 547 901 573 ad
923 548 945 572 T
960 550 1006 574 103
1026 542 1041 580 ἡ
1061 545 1278 580 παραιρουμένη
1303 547 1353 573 τὸν
1371 546 1463 581 μόγον
1480 551 1538 573 τῶν

802 584 943 614 τοκετῶν,
971 582 1005 607 ib.
1030 581 1108 608 schol.
1132 582 1153 606 B
1178 580 1207 606 αὶ
1232 579 1278 607 ἐπὶ
1305 584 1363 607 τῶν
1390 580 1473 615 μόγις
1500 590 1539 607 τι-

801 618 934 641 κτουσῶν
948 614 1116 647 τεταγμένοι
1132 612 1146 648 ἢ
1164 613 1193 640 αὶ
1211 617 1355 649 μογοῦσαι
1371 612 1433 649 ἤτοι
1453 624 1538 642 κακο-

801 651 950 675 παθοῦσαι
976 646 1022 674 ἐπὶ
1046 651 1107 679 τοῖς
1129 652 1187 674 τῶν
1214 652 1357 682 γυναικοῖν
1385 648 1482 680 τόκοις
1505 650 1537 676 cf.

801 684 883 710 schol.
896 683 918 708 V
931 683 965 709 ad
980 683 1006 708 Π
1021 685 1076 716 187,
1096 683 1171 709 Eust.
1189 685 1238 710 843
1257 686 1290 710 60
1313 682 1341 709 αὶ
1360 682 1538 717 μογοστόκοι

803 715 966 743 Εἰλείθυιαι
987 714 1025 746 (ὃς
1045 715 1247 743 §monitorum
1267 716 1366 747 τόκοις
1383 718 1432 743 καὶ
1453 716 1483 743 ἐν
1497 720 1539 751 τῷ

802 754 897 777 ποιεῖν
919 749 953 776 τὰ
978 747 1089 784 ἔμβρυα
1113 749 1153 781 εἰς
1182 753 1243 783 ιμῦς
1271 749 1403 777 ἐλεύθειν
1429 752 1539 784 μόγους

802 788 864 815 ταῖς
891 784 1056 815 τικτούσαις
1085 783 1117 810 ἐκ
1144 787 1200 810 τῶν
1227 783 1341 811 ὀδυνῶν
1370 785 1539 819 ἐπάγουσαι,

802 819 888 852 Apoll.
918 819 996 852 Soph.
1026 816 1041 851 ἡ
1070 822 1201 851 μογοῦσα
1233 819 1281 844 καὶ
1314 822 1445 845 πονοῦσα
1472 820 1539 853 περὶ

801 851 870 883 τοὺς
883 851 989 882 τόκους
1004 853 1036 878 cf.
1052 853 1172 887 Hesych.‚
1187 856 1299 886 utraque
1314 854 1454 887 explicatio
1469 854 1539 887 apud

802 887 911 913 Suidam
924 887 1028 919 legitur.
1040 902 1070 905 —
1082 887 1114 913 de
1128 891 1265 913 accentu
1278 896 1300 912 v.
1315 888 1413 913 Herod.
1423 888 1502 914 schol.
1514 890 1538 914 A

802 921 834 947 ad
848 922 874 946 A
885 923 935 947 270
943 919 1126 953 Ἀρίσταρχος
1140 919 1310 953 παροξύνεπ
1327 921 1466 954 δραστικὴ
1483 919 1537 954 γάρ

802 964 891 988 φησιν
919 952 1015 981 ἔννοιά
1043 952 1129 980 ἐστιν.
1171 954 1204 980 οὐ
1232 954 1287 987 γὰρ
1317 954 1345 980 αὶ
1374 954 1538 981 Εἰλείθυιαι

801 988 973 1022 πάσχουσιν,
999 985 1047 1014 ἰ’να
1075 989 1352 1023 προπαροξύνωμεν,
1378 988 1437 1015 ἀλλ’
1461 988 1538 1022 ἐνερ-

802 1026 884 1057 γοῦσι
899 1023 973 1049 κατὰ
988 1025 1046 1048 τῶν
1059 1026 1220 1048 τικτόνσιῦν
1231 1023 1263 1048 cf.
1274 1025 1335 1050 Arc.
1347 1032 1371 1056 p.
1383 1026 1413 1050 91
1426 1026 1449 1057 3,
1461 1024 1537 1050 Eust.

801 1060 850 1084 843
869 1060 901 1084 55
926 1058 969 1090 qui
993 1057 1057 1083 alios
1083 1055 1315 1090 προπαροξι’νειν
1332 1057 1426 1091 tradit,
1450 1058 1539 1084 Goett-

800 1092 856 1124 ling
877 1092 940 1118 Acc.
970 1100 994 1124 p.
1014 1093 1075 1123 317,
1103 1092 1143 1117 La
1166 1091 1254 1117 Roche
1278 1091 1408 1117 Textkrit.
1436 1099 1460 1124 p.
1480 1094 1539 1125 420,

801 1126 886 1151 Lehrs
905 1126 965 1151 Ar.²
983 1133 1008 1158 p.
1023 1126 1092 1156 298.)
1113 1125 1217 1151 dolores
1241 1125 1357 1151 efficiens
1377 1129 1422 1151 aut
1440 1126 1538 1159 partio-

801 1167 861 1185 nem
875 1160 1008 1185 adiuvans.
1038 1160 1062 1183 A
1078 1161 1127 1185 270
1142 1157 1180 1189 ὠς
1200 1155 1240 1184 ὅτ’
1261 1156 1294 1184 ἂν
1309 1157 1473 1185 ὠδίνουσαν
1488 1156 1536 1192 ἔχῃ

801 1193 886 1228 βέλος
914 1191 966 1223 ὀξὺ
993 1195 1115 1226 γυναῖκα
1137 1194 1139 1226 Ι
1166 1191 1264 1225 δριμὺ,
1292 1192 1324 1218 τό
1351 1202 1382 1219 τε
1409 1195 1539 1227 προϊεῖσι

801 1225 984 1259 μογοστόκοι
1009 1224 1172 1259 enelamur,
1197 1227 1222 1252 Π
1243 1228 1290 1253 187
1308 1226 1359 1252 τόν
1376 1236 1408 1260 γε
1431 1235 1539 1259 μογοσ-

802 1261 894 1295 τόκος
913 1259 1056 1287 εἰλείθυια
1068 1261 1070 1293 1
1084 1258 1206 1293 ἐξάγαγε
1226 1260 1282 1293 πρὸ
1301 1260 1381 1293 φόως
1402 1260 1441 1293 δέ,
1458 1262 1538 1288 Τ103

803 1293 931 1328 σήμερον
946 1291 1038 1328 ἄνδρα
1053 1292 1133 1326 φόως
1150 1294 1179 1320 δὲ
1194 1293 1375 1326 μογοστόκος
1394 1292 1539 1321 alteim-za·

803 1327 925 1361 ἐκφανεῖ
946 1329 977 1354 cf.
1003 1329 1026 1354 h.
1046 1330 1095 1361 Ap.
1116 1329 1174 1354 Del.
1194 1331 1227 1355 97
1254 1331 1309 1355 115.
1354 1329 1386 1354 de
1413 1329 1539 1362 singulari

803 1371 911 1389 numero
932 1363 1010 1388 schol.
1034 1363 1057 1388 V
1077 1362 1110 1388 ad
1130 1363 1218 1389 Π187
1243 1360 1346 1392 ἑνικῶς
1371 1361 1400 1388 δὲ
1424 1364 1487 1388 εἰπε
1505 1363 1538 1388 τὸ

804 1394 895 1429 ὄνομα
906 1399 957 1422 τοῦ
969 1395 1150 1429 συστήματος
1161 1399 1218 1422 τῶν
1229 1396 1445 1422 Εἰλειθυι(ῦν.-
1454 1397 1540 1422 Collo-

803 1435 876 1457 catur
887 1431 1008 1456 omnibus
1021 1430 1086 1457 locis
1096 1431 1123 1455 in
1134 1431 1280 1464 posteriore
1291 1431 1363 1456 tertii
1377 1431 1452 1464 pedis
1462 1431 1538 1457 thesi.

837 1463 951 1499 μάθος
971 1465 1096 1497 (refertur
1119 1465 1152 1490 ad
1170 1465 1225 1490 rad,
1246 1465 1298 1491 skr.
1318 1465 1390 1490 math
1414 1468 1540 1497 torquere

803 1499 834 1526 cf.
845 1499 945 1533 Benfey
959 1499 998 1524 W.
1010 1500 1040 1525 L.
1058 1499 1067 1524 1
1083 1507 1107 1531 p.
1119 1500 1168 1525 258
1187 1506 1203 1524 a
1217 1499 1323 1525 Curtius
1338 1499 1430 1524 Grdz.-¹
1445 1507 1470 1532 p.
1481 1501 1539 1532 337,

804 1534 964 1560 Grassmann
987 1533 1067 1559 Kuhn
1090 1532 1191 1558 Ztschr.
1215 1533 1265 1558 XII
1294 1541 1318 1564 p.
1338 1535 1370 1559 98
1398 1535 1440 1565 15,
1468 1533 1539 1558 Lud-

803 1568 854 1601 wig
872 1568 905 1593 ib.
925 1567 948 1592 X
967 1575 991 1600 p.
1014 1569 1074 1598 144,
1094 1566 1227 1592 Vanieeck
1246 1567 1277 1592 E.
1290 1566 1331 1593 W.
1350 1575 1374 1599 p.
1394 1569 1451 1593 691.
1492 1566 1539 1592 sed

803 1602 947 1627 Hoffmann
965 1605 1066 1633 quaest.
1086 1600 1161 1627 Hom.
1180 1601 1191 1626 I
1210 1609 1234 1633 p.
1255 1602 1304 1627 151
1326 1600 1359 1626 ad
1382 1600 1436 1626 rad.
1456 1602 1536 1632 σμαθ

803 1640 855 1668 got.
875 1635 1006 1661 smeithan
1029 1635 1124 1664 refert,
1148 1635 1219 1667 quod
1242 1639 1302 1660 ante
1326 1642 1416 1660 vocem
1439 1634 1538 1660 vocalis

804 1670 891 1696 brevis
914 1669 1077 1703 producitur.
1114 1668 1236 1694 Veteres:
1261 1668 1343 1694 schol.
1366 1669 1386 1694 A
1405 1668 1438 1694 ad
1453 1668 1538 1707 >2159

803 1703 877 1729 κατὰ
900 1703 1008 1735 μόθον·
1031 1702 1104 1728 κατὰ
1126 1700 1178 1735 τὴν
1199 1700 1293 1735 μάχην
1316 1700 1372 1727 ἀπὸ
1393 1704 1444 1741 rofi
1463 1704 1538 1733 ομοῦ

803 1740 869 1764 θεῖν
890 1738 922 1764 εἰ,
942 1738 1015 1763 Eust.
1035 1738 1084 1763 669
1102 1739 1143 1762 43,
1183 1736 1214 1762 Ε.
1233 1737 1269 1763 Μ,
1288 1737 1339 1762 589
1361 1738 1393 1763 54
1417 1745 1432 1761 0
1455 1734 1538 1761 πόλε-

802 1781 865 1804 μος,
885 1770 903 1805 ἦ
922 1770 1005 1804 μάχη.
1037 1770 1116 1803 παρὰ
1130 1769 1181 1795 τὸν
1194 1769 1344 1802 μολυσμὸν
1358 1772 1416 1795 τιῦν
1430 1769 1536 1803 φόνων.

804 1804 819 1840 ἢ
839 1804 917 1840 παρὰ
936 1802 1011 1837 ὁμοῦ
1030 1806 1090 1830 δεῖν
1112 1804 1179 1835 (sici)
1202 1802 1269 1834 τοὺς
1287 1802 1468 1837 μαχομένους
1487 1804 1537 1829 καὶ

803 1839 846 1870 εἰς
867 1839 953 1866 ταύτὸ
977 1838 1148 1872 συντρέχειν.
1189 1838 1221 1864 de
1244 1838 1307 1871 sign.
1331 1847 1353 1865 v.
1376 1838 1470 1871 Apion.
1493 1846 1536 1871 ap.

802 1876 851 1908 Ap.
871 1875 951 1908 Soph.
979 1882 998 1900 s.
1018 1882 1050 1906 v.‚
1077 1873 1200 1905 Hesych,
1228 1872 1308 1902 Suid.‚
1336 1873 1410 1898 Hoch
1433 1872 1536 1898 lexical.

802 1909 923 1935 Bemerk.
943 1908 967 1934 Il
986 1916 1010 1940 p.
1027 1910 1056 1934 11
1069 1915 1088 1933 s.
1108 1907 1140 1932 de
1159 1911 1269 1932 accentu
1287 1908 1385 1940 v.‚Arc.
1404 1914 1428 1939 p.
1444 1908 1491 1939 49κ
1499 1907 1538 1937 9.)

804 1945 827 1972 1)
840 1943 947 1974 turba,
962 1942 1051 1967 addito
1065 1941 1186 1975 genetivo
1198 1941 1223 1965 H
1233 1941 1364 1978 24Οθοίδα
1380 1941 1404 1965 δ’
1419 1939 1536 1970 ἐπαῖξαι

801 1975 899 2009 μόθον
916 1976 1020 2004 ἵππων,
1041 1977 1082 2001 cui
1102 1977 1231 2007 νωμῆσαι
1250 1976 1311 2007 βων
1330 1978 1356 2000 et
1370 1973 1471 2007 σταδίη
1491 1982 1536 2007 op-

802 2014 941 2044 ponuntur,
957 2011 981 2036 h.
993 2010 1055 2036 VIII
1069 2012 1098 2035 l7
1110 2007 1272 2041 δυςμενέων
1282 2007 1472 2041 προφυγόντα
1484 2007 1536 2038 μό-

803 2047 865 2071 θον.
898 2047 923 2077 2)
940 2051 1065 2078 pugnae
1085 2043 1243 2068 tumultus
1263 2043 1347 2069 H117
1362 2040 1536 2081 pao'ssov'fffot’

802 2077 953 2111 ἀκόρητος,
969 2074 1160 2111 21159821201’
1172 2075 1331 2106 ἐπαΐξασκε
1345 2074 1418 2101 κατὰ
1432 2078 1537 2109 μοθον,

803 2110 906 2138 ἄλλοτε
922 2113 946 2138 δ’
962 2113 1028 2138 αὑτε
1040 2109 1147 2137 στάσκε
1161 2111 1284 2144 paraphr.
1302 2110 1375 2135 κατὰ
1389 2110 1439 2136 τὸν
1452 2109 1537 2136 πόλε-

801 2156 865 2179 μον,
884 2149 933 2174 537
948 2148 1100 2179 τεθνηῶτα
1117 2144 1189 2170 κατὰ
1208 2144 1304 2176 μόθον
1324 2140 1388 2170 ἕλκε
1411 2146 1536 2177 ποδοῖιν,

804 2182 829 2207 Φ
844 2184 894 2208 310
912 2179 984 2206 κατὰ
1002 2179 1098 2212 μόθον
1117 2176 1151 2205 οἰ·
1169 2177 1323 2210 μενέουσιν
1341 2187 1391 2212 quo
1409 2179 1467 2205 loco
1486 2179 1537 2212 sig-

802 2215 919 2241 nificatio
938 2215 1007 2241 vocis
1026 2217 1163 2240 attenuata
1177 2213 1285 2239 videtur.
1301 2227 1326 2231 ——
1351 2212 1441 2238 Efficit
1455 2213 1536 2239 semel

802 2250 922 2282 tertiam,
941 2252 1034 2282 quater
1053 2252 1173 2281 quartam
1192 2247 1291 2278 thesin,
1314 2254 1328 2272 e
1351 2254 1403 2279 quo
1426 2255 1535 2273 numero

802 2284 899 2309 vocalis
922 2283 1020 2316 brevis,
1039 2282 1083 2308 ubi
1102 2281 1241 2314 antecedit,
1266 2280 1421 2314 producitur
1443 2281 1471 2306 Σ
1489 2283 1536 2308 159

801 2320 850 2344 537
872 2318 897 2343 Φ
911 2320 960 2344 310
979 2317 1011 2343 cf.
1026 2317 1168 2342 Hoffmann
1183 2316 1199 2341 l.
1215 2315 1230 2341 l.
1251 2315 1262 2340 I
1277 2323 1301 2348 p.
1319 2316 1373 2348 154,
1393 2315 1432 2340 La.
1445 2315 1537 2341 Roche

802 2352 906 2378 Unters.
930 2359 956 2383 p.
975 2354 1020 2383 56,
1043 2350 1136 2376 Hartel
1158 2350 1225 2376 hom.
1250 2348 1322 2375 Stud.
1345 2348 1357 2374 Ι
1379 2357 1404 2382 p.
1424 2352 1468 2382 21,
1491 2349 1536 2382 qui

0 2379 8 2417 Ι
40 2382 116 2410 brum
139 2391 172 2410 ex
199 2381 303 2418 μόγοις
329 2385 477 2411 mutilatum
505 2394 561 2412 esse
588 2391 707 2420 censent,
734 2386 776 2413 cui
802 2393 864 2411 num
882 2393 898 2410 a
917 2385 1017 2411 duabus
1035 2384 1158 2411 consonis
1176 2392 1226 2409 vox
1244 2383 1371 2416 inceperit
1390 2383 1501 2409 dubitat.

0 2419 11 2512 l

3 2514 7 2527 ἲ

3 2532 8 2558 l

41 2417 210 2450 explicationi
229 2419 325 2452 obstat,
344 2420 415 2452 quod
433 2419 530 2446 deabus
544 2421 680 2454 epitheton
700 2429 775 2453 „cum

41 2450 174 2478 doloribus
192 2453 315 2486 pariens“
333 2461 386 2479 non
404 2457 494 2487 aptum
510 2457 555 2480 est.
587 2455 676 2488 Quare
690 2458 776 2487 poste-

41 2485 95 2512 rius
113 2486 257 2513 membrum
276 2487 309 2513 ad
328 2487 384 2513 rad.
404 2488 457 2514 skr.
476 2488 537 2514 stak
556 2490 664 2521 ‚arcere‘
685 2489 775 2515 Fickio

40 2518 71 2546 E.
84 2519 141 2546 W.2
155 2528 180 2553 p.
200 2523 249 2548 309
267 2524 375 2547 auctore
394 2522 545 2555 Brugmann
568 2523 595 2548 in
614 2523 685 2549 Curt.
700 2522 773 2549 Stud.

0 2601 27 2767 H

834 2422 937 2453 μοῖρα
959 2419 1001 2450 (ad
1024 2418 1079 2444 rad.
1103 2426 1156 2451 μερ
1181 2418 1296 2443 refertur
1319 2420 1345 2442 et
1371 2425 1419 2450 pro
1446 2416 1536 2449 ,uopjoc

802 2461 859 2480 esse
877 2453 1009 2479 indicatur
1027 2453 1058 2480 cf.
1077 2452 1107 2478 E.
1123 2452 1159 2479 M.
1174 2454 1223 2478 589
1242 2454 1273 2478 23
1293 2448 1349 2476 ἀπὸ
1368 2453 1420 2476 τοῦ
1441 2451 1535 2483 μείρω

800 2486 878 2521 μόρα
897 2485 1005 2526 ὤφειρε
1024 2485 1160 2520 λέγεσθαι
1179 2506 1185 2511 .
1200 2506 1206 2511 .
1225 2486 1274 2511 καὶ
1292 2485 1467 2526 πλεονασμῷ
1484 2486 1537 2509 τοῦ

800 2532 809 2547 ι
832 2524 930 2554 μοῖρα.
968 2531 983 2553 η
1001 2519 1078 2561 ἀὐτὴ
1103 2517 1272 2553 εἱμαρμένη.
1311 2527 1391 2552 παρα
1413 2527 1446 2544 το
1468 2527 1536 2552 μερ-

11 2554 24 2600 l
39 2552 78 2580 IX
90 2561 115 2588 p.
125 2556 183 2588 270,
203 2555 338 2582 Vaniceck
356 2555 387 2584 E.
403 2556 443 2583 W.
458 2564 482 2590 p.
494 2558 543 2584 683
562 2556 687 2591 referunt,
706 2556 775 2590 quod
799 2555 938 2590 μερίσθαι
958 2552 1079 2590 ἑκαστῳ.
1119 2554 1253 2588 σημαίνει
1271 2554 1312 2587 [cf.
1330 2553 1373 2580 Et.
1389 2553 1432 2580 Or.
1452 2554 1484 2580 99
1505 2555 1535 2580 17
