1642 2757
127 835 240 889 Huic
266 855 366 888 lexico
391 852 474 893 quod
496 858 579 882 nunc
608 847 740 886 denique
762 840 938 883 perfectmn
964 838 997 868 in
1019 834 1179 875 publicum
1205 828 1324 870 prodit,
1347 826 1449 866 primo
1476 822 1546 853 loco

40 928 239 970 propositum
267 926 326 959 est,
359 921 498 953 omnium
524 915 750 948 vocabulorum
774 918 853 951 quae
879 909 913 939 in
934 903 1067 937 Homeri
1092 899 1207 934 Iliade,
1239 896 1392 935 Odyssea,
1423 890 1547 931 hymnis

41 997 205 1036 leguntur,
236 992 354 1023 formas
382 991 413 1020 et
440 988 527 1018 locos
553 989 738 1015 enumerare
765 979 810 1009 ita
837 978 872 1007 ut
900 975 941 1005 sit
962 971 1130 1003 verborum
1157 966 1251 997 index
1277 959 1551 1002 locupletissimus.

44 1064 114 1101 Qua
136 1063 169 1094 in
193 1058 431 1092 enumeratione
457 1053 608 1085 lectiones
635 1049 796 1080 variantes
820 1047 851 1076 et
875 1041 1049 1074 editionum
1072 1039 1103 1068 et
1131 1034 1273 1066 codicum
1296 1030 1462 1062 meliorum
1488 1033 1552 1057 non

44 1131 208 1170 neglectae
235 1130 316 1159 sunt.
360 1123 539 1154 Verborum
566 1126 640 1149 vero
670 1112 845 1153 originibus
872 1106 1059 1147 indagandis
1087 1109 1257 1141 eorumque
1289 1095 1471 1137 cognationi
1503 1102 1554 1124 ex-

47 1197 212 1239 plicandae
234 1194 403 1234 plurimum
428 1196 542 1228 operae
566 1188 613 1217 est
642 1184 750 1215 datum
772 1178 908 1210 maxime
936 1184 973 1206 ea
997 1174 1034 1205 de
1057 1172 1194 1205 ratione,
1220 1171 1256 1199 ut
1279 1166 1382 1206 prima
1405 1162 1555 1200 cuiusque

48 1266 136 1297 vocis
155 1260 386 1303 significatione
405 1260 494 1288 eruta
513 1253 618 1285 varius
638 1248 835 1289 singulorum
852 1243 1077 1275 vocabulorum
1096 1247 1171 1270 usus
1191 1239 1274 1268 certo
1296 1232 1430 1273 quodam
1449 1228 1559 1260 ordine

51 1333 270 1373 exponeretur.
313 1326 430 1357 Variae
458 1326 489 1354 et
512 1322 654 1353 diversae
681 1313 978 1354 lexicographorum
1001 1312 1096 1348 atque
1119 1303 1397 1346 grammaticorum
1421 1301 1451 1329 et
1474 1299 1559 1327 vete-

43 1394 123 1434 rum
145 1402 177 1431 et
199 1396 411 1429 recentiorum
434 1389 623 1423 sententiae,
650 1393 730 1425 quae
758 1383 798 1414 ad
825 1380 999 1413 carminum
1021 1374 1262 1408 Homericorum
1289 1368 1385 1400 verba
1411 1367 1561 1403 locosque

54 1465 285 1506 intellegendos
313 1462 447 1495 faciunt,
479 1466 570 1498 quam
598 1453 782 1495 plenissime
810 1449 959 1481 collectae
987 1448 1017 1477 et
1051 1442 1212 1482 expositae
1240 1440 1326 1471 sunt,
1357 1435 1460 1466 minus
1488 1439 1561 1462 vero

56 1537 90 1568 id
120 1533 301 1567 enitendum
328 1529 506 1562 videbatur,
537 1528 572 1556 ut
595 1530 696 1555 novae
724 1517 948 1559 explicationes
973 1517 1003 1545 et
1031 1512 1230 1543 coniectiuae
1256 1505 1479 1546 proderentur,
1510 1499 1565 1530 sed

57 1607 93 1635 ut
116 1603 266 1635 eluceret,
295 1596 451 1639 quomodo
479 1592 612 1625 Homeri
640 1589 736 1621 verba
758 1586 989 1622 verborumque
1017 1587 1151 1612 conexus
1174 1575 1269 1607 variis
1296 1570 1491 1611 temporibus
1515 1576 1565 1598 ex-

58 1672 176 1713 plicata
195 1670 308 1702 essent,
332 1666 372 1698 ad
395 1673 485 1705 quem
510 1662 628 1693 exitum
650 1659 710 1689 hae
734 1654 935 1695 quaestiones
957 1649 1052 1681 hodie
1075 1646 1229 1678 adductae
1249 1645 1278 1673 et
1299 1642 1451 1680 quantuni
1470 1635 1565 1666 etiam

65 1748 147 1770 nunc
170 1736 396 1777 perobscurum
415 1735 447 1763 et
465 1731 628 1762 incertum.
668 1725 788 1757 Eadem
811 1722 893 1754 ratio
912 1721 945 1751 in
965 1718 1058 1750 rebus
1081 1709 1328 1753 interpretandis
1352 1705 1492 1738 adhibita
1516 1705 1573 1737 est,

65 1809 162 1846 atque
185 1804 289 1844 quoad
310 1801 379 1833 fieri
401 1801 542 1840 poterat,
571 1795 675 1827 omnia
699 1801 779 1833 quae
802 1791 842 1822 ad
864 1787 995 1820 Homeri
1023 1783 1162 1816 carmina
1185 1775 1397 1816 intellegenda
1421 1773 1575 1812 spectant,

67 1884 104 1907 ex
127 1870 363 1906 commentariis
387 1867 519 1906 aliisque
544 1863 670 1903 scriptis
693 1861 832 1892 xirorum
857 1857 1022 1888 doctorum
1045 1853 1117 1882 sunt
1143 1847 1277 1879 conlata.

158 1940 234 1972 Cum
250 1940 324 1970 ante
341 1937 419 1967 haec
435 1936 584 1974 quattuor
602 1930 668 1962 fere
688 1929 787 1960 lustra
803 1924 968 1958 consilium
986 1921 1079 1952 huius
1097 1916 1190 1949 lexici
1209 1912 1321 1945 edendi
1336 1909 1497 1949 cepissem,
1516 1914 1576 1945 quo

76 2008 208 2040 celerius
232 2005 448 2038 absolveretur
474 2001 626 2040 optimum
650 2006 718 2028 esse
740 1994 900 2035 putabam,
922 1990 1059 2031 phu-ium
1081 1985 1244 2017 hominum
1268 1980 1432 2012 doctorimi
1451 1981 1580 2014 operam

73 2078 108 2108 in
131 2085 167 2107 eo
192 2072 372 2113 exequendo
391 2070 594 2108 coniungere,
619 2070 650 2097 et
671 2065 808 2096 libenter
831 2059 975 2092 nonnulli
998 2066 1035 2088 ex
1058 2055 1097 2085 iis
1121 2052 1174 2093 qui
1196 2052 1229 2082 in
1253 2045 1443 2080 carminibus
1465 2041 1582 2073 Home-

74 2143 150 2175 ricis
175 2140 424 2181 interpretandis
447 2141 479 2169 et
505 2133 704 2168 recensendis
728 2131 831 2162 studia
855 2128 1040 2168 posuerant,
1068 2120 1208 2161 singulas
1237 2116 1342 2157 operis
1364 2115 1471 2153 partes
1494 2110 1528 2141 in
1551 2116 1583 2139 se

77 2212 275 2251 receperunt.
327 2208 390 2239 Res
417 2209 523 2237 tamen
550 2203 683 2234 multum
710 2201 838 2240 praeter
870 2192 1138 2234 exspectationem
1166 2186 1272 2219 cessit:
1302 2192 1370 2214 cum
1403 2180 1486 2212 enim
1522 2177 1586 2208 iam

80 2288 196 2319 magna
220 2277 325 2317 operis
347 2284 422 2315 pars
450 2272 624 2312 composita
649 2271 731 2300 esset
754 2270 848 2306 atque
870 2264 993 2302 reliqua
1017 2261 1103 2291 certo
1132 2260 1275 2295 tempore
1297 2249 1460 2291 promissa,
1485 2243 1587 2276 evenit

82 2351 117 2379 ut
141 2347 222 2378 alter
249 2344 406 2384 promisso
429 2351 492 2373 non
520 2341 628 2374 staret,
651 2337 732 2368 alter
756 2344 772 2365 a
796 2333 906 2364 labore
935 2330 1081 2367 suscepto
1109 2331 1240 2365 prorsus
1267 2317 1431 2351 recederet
1457 2313 1591 2350 aliisque

84 2424 193 2448 eorum
216 2421 315 2454 pensa
343 2414 448 2443 essent
470 2407 637 2441 tradenda3
670 2403 803 2436 accessit
826 2401 859 2432 id
882 2398 966 2439 quod
988 2395 1122 2426 maxime
1146 2388 1326 2422 dolendum,
1349 2386 1386 2414 ut
1408 2382 1443 2413 B.
1467 2377 1592 2411 Giseke,

87 2484 182 2515 homo
207 2482 245 2513 de
267 2479 398 2512 Homeri
427 2476 618 2510 carminibus
642 2470 835 2512 explicandis
863 2470 894 2499 et
916 2462 1115 2498 recensendis
1140 2458 1258 2498 optime
1280 2452 1424 2485 meritus,
1451 2454 1595 2488 praema-

88 2554 160 2583 tura
182 2552 284 2581 morte
313 2546 403 2586 operi
425 2542 616 2576 absolvendo
645 2540 834 2580 eriperetur,
862 2538 893 2567 et
916 2532 1046 2566 alterius
1073 2529 1163 2560 labor
1186 2522 1274 2564 graw'
1301 2518 1411 2551 morbo
1441 2520 1472 2548 et
1501 2512 1596 2545 debili
