1705 2767
592 111 710 150 κόκκος
733 129 773 134 -
797 109 953 154 κολλητός

65 194 186 228 κόκκος
203 194 315 228 (Benfey
330 194 396 220 WL.
411 194 435 219 11
453 196 501 220 159
519 196 669 228 suspicatur
682 204 698 222 a
712 197 767 222 rad.

32 229 120 256 kuksh
138 229 285 255 derivatum
304 235 371 261 esse,
390 229 428 253 ita
446 233 474 252 ut
492 236 608 261 curvum,
627 231 768 256 rotundum

32 262 173 297 significet,
197 262 244 288 sed
266 271 290 288 v.
308 262 385 287 Pauli
407 262 434 287 in
457 261 537 287 Kuhu
555 263 658 290 Ztschr.
677 264 767 291 XVIII

29 299 54 330 4,
78 297 121 322 cui
139 296 296 322 vocabulum
314 295 419 321 videtur
436 296 525 328 potius
544 305 600 323 esse
620 302 767 330 externum,

30 331 64 358 cf.
75 329 194 357 Vaniiiek
207 329 420 356 Fremdwoerter
433 330 468 355 im
479 330 583 356 Grieeh.
595 334 639 364 24,
658 332 768 357 Defl'ner

34 365 62 391 111
79 364 151 391 Curt.
171 364 243 390 Stud.
263 363 300 389 IV
318 366 368 390 266
396 363 500 389 confert
523 373 660 397 neograec.
684 366 766 396 kotsi3

31 399 64 425 de
86 402 197 424 accentu
218 406 241 424 v.
260 397 359 424 Herod.
383 397 423 423 ed.
442 398 526 423 Lentz
545 399 557 424 1
578 401 633 432 191,
655 402 685 426 15
709 402 767 432 208,

29 434 70 465 25,
89 432 121 458 cf.
142 432 222 458 etiam
240 431 272 459 E.
286 431 322 457 M.
337 434 395 464 707,
414 434 457 461 41)
474 440 614 464 granum.
651 434 712 459 Non
730 434 767 459 le-

28 466 98 509 gitur
115 466 165 492 nisi
183 466 210 491 iu
227 466 254 492 h.
269 465 327 492 Cer.
343 466 375 491 de
389 473 470 499 grano
485 467 546 491 mali
561 468 662 499 punici:
682 476 704 493 v.
717 469 766 494 372

27 496 765 569 3311κῗκςῑῑέωὲει1αῑῑῖ,333ῗὲ13311

27 568 147 602 Apollod.
168 571 194 600 1,
213 570 237 601 5,
256 570 272 594 3
295 554 322 594 ἐι
345 568 444 594 Herod.
463 571 487 602 4,
509 571 569 601 1433
592 569 617 595 h.
638 551 766 596 C¹er.⁷412

1 603 3 614 ¹
28 598 135 636 ἔμβαλέ
164 610 215 633 μοι
247 600 332 635 ῥοιῆς
363 600 473 627 κόκκον
505 602 633 636 μελιηδέ’
653 601 765 636 ἐδωδήν

1 638 3 651 ‘¹
25 636 189 668 (Buechelem
208 636 269 661 vide
288 644 322 662 an
341 636 525 670 corrigendum
544 637 579 663 sit
598 635 712 671 ἐδωδῇ).
733 653 766 656 —

27 670 110 696 Bekk.
128 669 194 696 Lex.
215 670 274 703 Seg.
295 672 353 702 103,
367 673 401 697 25
421 668 545 700 κόκκους
565 669 598 696 οὐ
619 673 763 697 δικαιοῦσι

3 723 6 735 1
27 703 120 738 λέγειν
133 702 206 736 ῥοᾶς
221 701 238 737 ἢ
251 706 407 738 σταφυλῆς,
423 703 494 730 ἀλλὰ
506 703 606 739 ῥᾶγας,
622 706 654 731 cf.
665 706 765 732 Hes.—

2 742 7 762 1
27 738 104 765 Helm
121 737 356 771 Kulturpflanzen2
374 747 399 771 p.
418 741 476 766 257.

57 771 177 799 κολεὸν
200 776 226 798 et
249 780 291 805 ep.
315 777 342 798 et
368 773 421 798 ion.
445 771 588 800 κουλεόν
610 776 672 804 (sec.
696 774 765 800 Fick

29 806 198 840 Spracheinh.
213 809 245 833 75
264 809 322 840 227,
341 807 566 840 vg1.Woerterb.³
585 808 661 835 1527
679 815 694 834 a
709 808 764 834 rad.

7 841 69 882 kal
94 841 165 874 velo,
196 841 302 873 occulo,
328 841 374 867 lat.
398 841 502 874 culeus,
529 841 635 868 dubitat
662 842 764 876 Benfey

26 874 90 902 WL.
107 875 132 900 11
152 876 209 905 153,
228 874 260 900 cf.
280 875 406 901 Doederl.
424 875 464 901 Gl.
484 878 562 907 2121,
583 876 616 902 de
635 877 717 903 subst.
738 877 765 902 111

26 916 73 935 εον
98 909 254 935 exeuntibus
281 917 303 934 v.
331 909 361 935 L.
390 910 481 943 Meyer
509 910 559 942 vgl.
584 911 629 936 Gr.
654 911 679 936 II
706 913 765 944 403,

8 941 10 947 '
27 943 154 970 Woemer
171 943 255 969 subst.
273 943 343 969 hom.
363 946 409 976 32,
435 945 468 969 de
491 948 601 970 accentu
623 953 646 970 v.
665 945 763 971 Herod.

9 970 11 994 ¹
29 976 67 1003 ed.
81 977 165 1003 Lentz
179 977 191 1002 1
206 979 264 1010 355,
282 980 312 1004 14
330 978 355 1003 11
370 980 428 1009 943,
446 980 494 1009 12).
530 978 641 1011 Legitur
659 978 765 1004 κολεόν

10 1007 12 1019 ¹
26 1012 47 1037 θ
59 1013 116 1044 404,
134 1013 193 1036 -οἳο
209 1011 257 1044 bis,
277 1014 300 1046 (ᾖ
314 1014 362 1038 ter.
398 1012 450 1037 Est
467 1012 548 1044 igitur
566 1013 593 1038 in
610 1013 641 1040 Il.
661 1018 764 1046 quater,

11 1045 54 1071 111
66 1045 114 1071 011.
132 1045 179 1071 bis.
215 1045 281 1071 Post
299 1045 371 1071 arsin
390 1048 413 1072 2.
428 1046 503 1079 pedis
522 1051 625 1080 quater,
647 1050 668 1073 1.
687 1047 763 1080 pedis

26 1079 72 1107 his.
105 1079 217 1112 Legitur
235 1078 360 1105 κουλεόν
377 1085 484 1114 quater,
508 1082 623 1115 κουλεῷ
640 1082 721 1107 semel
738 1082 763 1113 (λ

12 1110 75 1146 98).
109 1113 160 1139 Est
182 1117 276 1146 quater
299 1114 326 1139 in
349 1113 391 1147 Il.,
419 1115 500 1140 semel
524 1116 551 1141 111
571 1116 618 1142 Od.
637 1116 692 1141 Alii
714 1116 764 1141 loci

14 1156 53 1175 κ.
69 1147 96 1173 111
114 1147 167 1173 alia
185 1155 276 1174 versus
295 1148 359 1174 sede
377 1148 477 1174 habent
494 1149 532 1180 (Γ
544 1152 593 1176 272
607 1162 641 1171 =
658 1149 681 1174 Τ
697 1152 763 1182 253).

14 1181 156 1214 Vagina.
197 1181 265 1208 Erat
295 1182 368 1208 facta
395 1190 409 1207 e
437 1183 553 1209 metallo,
593 1184 764 1210 Grammatici

29 1216 144 1242 scribunt
169 1224 260 1242 omnes
283 1216 424 1248 κο(υ)λεο’ς
446 1221 552 1250 praeter
575 1218 636 1244 Hes.
655 1218 681 1244 II
705 1221 763 1251 525,

15 1251 58 1277 27
79 1254 106 1276 et
127 1250 170 1276 Or.
193 1252 234 1282 83,
260 1253 302 1283 11,
330 1251 440 1284 interpr.
465 1251 546 1278 schol.
562 1252 586 1278 V
609 1252 643 1277 ad
666 1253 687 1277 θ
705 1254 763 1285 404,

29 1284 147 1317 paraphr.
165 1284 204 1317 11,
227 1284 259 1310 Ε.
276 1284 312 1312 M.
332 1287 391 1317 525,
413 1288 442 1311 12
461 1288 520 1318 533,
539 1288 580 1319 28,
602 1286 634 1312 E.
655 1286 686 1313 G.
705 1288 763 1319 333,

27 1320 60 1345 42
75 1318 132 1351 341,
151 1320 196 1350 52,
220 1318 297 1351 Hes,
316 1319 401 1352 Suid.y
419 1319 484 1345 Zon.
505 1322 571 1347 1230
606 1320 698 1347 anecd.
718 1320 763 1347 Gr.

17 1351 66 1379 ed.
83 1352 189 1378 Bachm.
208 1352 221 1378 1
240 1355 298 1385 280,
314 1356 346 1380 10
364 1351 520 1388 ξιφοθήκη,
540 1341 668 1381 01ζἘι131.
690 1356 764 1387 1183,

19 1388 54 1420 1,
73 1386 195 1420 paraphr.
215 1387 242 1412 Γ
258 1389 321 1420 272,
347 1387 378 1413 Ε.
399 1388 429 1413 G.
448 1390 511 1419 333,
530 1391 564 1415 44
589 1388 712 1422 χωρεός,
730 1388 763 1414 τὸ

18 1423 138 1453 ωροῦν
159 1421 192 1446 τὸ
217 1420 314 1454 ξίφος,
342 1418 433 1454 ἤγουν
457 1420 473 1454 ἦ
499 1424 529 1456 ξ.,
557 1422 619 1448 Η83.
644 1420 659 1456 ἡ
685 1420 762 1455 θήκη

29 1455 78 1480 οῦ
102 1454 218 1488 ξίφους,
245 1456 294 1480 καὶ
318 1454 436 1489 λάρναξ,
458 1458 507 1481 καὶ
535 1454 631 1490 ὑδρία.
667 1459 691 1482 Α
716 1459 764 1483 194

21 1515 23 1520 ,
43 1488 124 1514 luero
145 1489 169 1514 δ’
184 1488 216 1514 ἐκ
239 1490 358 1515 κολεοῖο
381 1489 456 1523 μέγα
479 1490 575 1523 ξίφος,
604 1491 637 1516 Μ
655 1493 704 1518 190
731 1489 764 1516 ἐκ

22 1523 141 1548 ·ολεοῖο
165 1520 363 1556 ἐρυσσάμενος
387 1523 485 1557 ξίφος,
514 1526 537 1550 Α
556 1528 606 1551 220
634 1523 676 1558 ἂψ
696 1526 720 1550 δ’
735 1523 765 1555 ἐς

22 1549 35 1607 ῐῑ
60 1590 203 1624 ..ξ
325 1558 427 1618 5333
452 1559 627 1599 ξ
649 1560 764 1619 'aar

24 1630 50 1662 ξ’.
67 1624 172 1658 Capelle
195 1625 248 1652 dat.
272 1626 349 1652 local.
638 1615 644 1627 ’

24 1683 43 1729 {2
65 1693 193 1720 istm-chus
221 1694 380 1721 damnarunt
406 1704 429 1721 v.
452 1697 502 1722 824
512 1698 543 1729 s.)
576 1697 651 1722 δῶκε
679 1696 764 1729 ξίφος

27 1725 249 1762 φάσγανον)σὺν
279 1730 375 1764 κολεῷ
411 1738 442 1755 τε
475 1729 574 1763 φέρων
604 1730 654 1756 καὶ
686 1732 766 1756 τελα-

25 1759 31 1800 ¹3
49 1763 106 1794 ὤνι,
124 1762 204 1789 schol.
219 1762 266 1788 BL
281 1763 315 1789 ad
329 1764 357 1788 H
370 1765 420 1790 304
428 1760 475 1797 ,ου’
490 1763 626 1797 περιττὸν
640 1763 672 1790 τὸ
689 1761 766 1797 ἔπος,

10 1795 88 1845 'sn'
103 1793 201 1829 ἐπειδὴ
222 1796 403 1829 ἐσπασμένον
423 1799 455 1830 ἠν
476 1796 510 1824 τὸ
535 1799 634 1833 ξίφος,
657 1796 705 1824 ἵνα
728 1800 766 1832 μὴ

27 1852 32 1866 ,
53 1827 120 1855 όνον
141 1833 260 1863 νοοῖμεν
283 1829 366 1865 αὐτό,
394 1833 422 1857 Ψ
438 1834 488 1859 825
507 1833 565 1859 cod.
584 1833 608 1858 D
632 1835 766 1858 κουλειῦι.

4 1891 6 1893 ,
38 1865 41 1873 '
67 1865 115 1891 272
135 1865 218 1892 Τ253
236 1862 390 1900 μάχαιραν,
411 1862 428 1900 7‘7'
447 1864 476 1892 οἳ
493 1867 551 1901 πὰρ
572 1866 674 1900 ξίφεος
691 1866 766 1900 μέγα

29 1889 152 1938 Ῑογλεὸν
171 1896 232 1925 αἰὲν
252 1896 362 1933 ἄωρτο,
390 1901 412 1926 Τ
429 1903 478 1928 253
498 1901 575 1928 Vind.
602 1900 694 1935 μέγαν
717 1910 766 1926 κο-

30 1927 105 1979 μου,
126 1932 201 1959 Eust.
226 1935 304 1967 1182,
327 1937 358 1961 61
382 1934 474 1968 μέγαν
496 1933 628 1961 κουλεόν.
664 1937 767 1969 Argen-

4 1970 7 1973 ·
52 1972 103 1992 ·11111
123 1966 208 2006 ¹fuisse
235 1969 357 2001 vaginam
384 1969 448 1995 dicit
474 1974 556 2002 poeta
587 1972 613 1995 Λ
640 1972 674 1996 30
699 1970 767 2003 περὶ

32 2011 37 2035 3
51 2001 151 2041 ουλερν
160 2002 210 2034 ηἐν
221 2000 374 2037 ἀργίρεον,
388 2004 559 2036 χρυσέοισιν
573 2002 767 2037 ἀορτήρεσσιν

31 2036 152 2068 oneng,
179 2036 323 2062 eburneam
348 2039 370 2063 θ
387 2040 438 2064 404
463 2036 570 2064 κολεὸν
591 2039 766 2072 νεοπρίστου

1 2095 10 2101 ..
32 2052 185 2103 ἰλέφαντος
204 2067 427 2105 ἀμφιδεδίνηται
440 2068 541 2105 (ἄορι),
559 2073 637 2106 pauci
655 2069 768 2105 κολεός,

7 2137 11 2141 .
48 2101 114 2129 chol.
132 2103 157 2129 H
180 2113 223 2138 γρ.
242 2103 377 2139 κουλεός,
405 2106 504 2132 Giseke
522 2107 549 2132 in
567 2108 618 2133 boc
635 2107 686 2133 lex.
705 2115 725 2132 s.
743 2115 766 2133 v.

6 2163 19 2173 η,
51 2134 136 2170 λέφας
154 2137 218 2164 dicit
236 2139 317 2172 gladii
330 2140 450 2174 vaginam
466 2141 538 2174 apud
552 2141 668 2167 Graecos
687 2141 767 2167 ebore

52 2203 58 2208 Ι
68 2175 192 2205 ornatam,
208 2174 278 2206 apud
288 2174 423 2200 Phaeaces
433 2178 516 2200 totam
531 2174 673 2202 eburneam
687 2175 768 2201 fuisse

5 2237 12 2248 ο
60 2203 120 2244 deri.
133 2207 295 2240 —Iungitur
313 2216 374 2234 cum
391 2208 441 2234 adi.
461 2207 535 2243 μέγα
552 2210 589 2242 (Γ
598 2212 648 2236 272
670 2210 767 2242 Τ253),

59 2246 172 2273 γυρεον
188 2242 223 2272 (Λ
241 2243 290 2273 30).

5 2300 15 2309 ⁴
53 2272 217 2312 ,κολλῆεις
238 2275 350 2307 (Goebel
373 2276 406 2302 de
429 2277 510 2310 epith.
528 2277 598 2304 hom.
617 2278 644 2304 in
664 2286 705 2308 εις
723 2277 768 2303 de-

67 2308 179 2346 entibus
196 2318 221 2348 p.
233 2312 265 2336 14
283 2310 350 2336 dixit
367 2311 447 2337 fuisse
466 2311 510 2344 qui
529 2319 545 2337 a
563 2312 642 2338 verbo
659 2313 769 2337 κολλᾶν

21 2369 26 2377 ,
55 2346 191 2377 amarent,
209 2347 246 2370 ita
264 2348 294 2370 ut
312 2348 382 2371 esset
399 2345 609 2380 conglutinatus,
628 2347 670 2372 cui
687 2347 768 2372 inter-

69 2376 174 2414 1113ῑίοηί
187 2385 278 2404 omnes
292 2379 399 2411 regulae
413 2383 604 2413 repugnarent,
621 2381 678 2413 ipse
693 2381 768 2406 duxit

66 2409 154 2436 κολλα
174 2412 255 2444 (quod
279 2416 319 2438 est
342 2416 430 2438 ortum
453 2421 468 2439 e
490 2414 589 2447 κολᾸα,
611 2415 667 2441 rad.
686 2414 767 2447 kalja,

56 2444 73 2468 t.
89 2442 173 2479 klijei,
195 2454 218 2472 v.
237 2446 304 2472 Fick
322 2447 424 2479 vgl.W.
444 2450 506 2480 350,
534 2448 707 2480 Spracheinh.
727 2450 767 2480 78,

59 2479 106 2503 m
120 2477 162 2505 Et.
178 2481 234 2514 153,
253 2481 286 2506 cf.
300 2480 403 2514 Benfey
413 2481 480 2508 WL.
494 2482 519 2507 11
536 2484 605 2515 120);
623 2483 657 2509 ab
675 2483 768 2509 eodem

66 2509 114 2538 bnt.
141 2512 292 2540 derivarunt
318 2514 446 2541 Schuster
472 2516 500 2542 in
526 2516 627 2543 Ztscbr.
655 2517 672 2543 f.
701 2520 768 2543 oest.

63 2550 129 2576 ymn.
146 2546 172 2572 X
194 2550 240 2581 24,
266 2549 297 2574 L.
320 2549 414 2583 Meyer
435 2550 486 2583 vgl.
506 2550 551 2577 Gr.
573 2551 598 2576 11
620 2553 682 2584 606,
710 2550 768 2583 alii,

19 2583 24 2597 ⁸
65 2579 155 2606 rashof
169 2580 274 2609 Fuhrw.
290 2592 312 2617 p.
324 2586 340 2610 6
354 2583 414 2610 adn.
424 2586 441 2610 4
454 2584 549 2611 statuit
566 2585 646 2611 subst.
660 2582 768 2614 κολλός

370 1619 448 1660 p.'20
472 1630 499 1653 et
521 1628 661 1654 Lehmann
679 1628 765 1653 Lebre

37 1670 52 1685 ·.
75 1659 185 1686 Locativ
214 1662 258 1693 11,
292 1661 318 1686 H
343 1663 393 1687 304
427 1662 455 1686 Ψ
480 1663 530 1689 825
560 1662 710 1695 (Aristoph.
739 1665 775 1688 et¹

1466 113 1526 144 847

796 203 812 221 a
830 193 931 221 κέλλω.
967 194 1007 220 De
1027 194 1078 220 adi.
1097 194 1124 220 in
1143 202 1184 224 εις
1208 194 1364 220 exeuntibus
1384 203 1404 220 v.
1425 199 1531 227 praeter

796 229 896 255 Goebel
910 229 926 255 l.
941 229 957 255 l.
973 232 999 254 et
1012 228 1042 254 L.
1052 228 1144 262 Meyer
1158 228 1174 254 l.
1189 228 1206 253 l.
1225 228 1351 263 Schuster
1366 236 1390 260 p.
1404 230 1434 254 18
1449 234 1476 254 et
1490 232 1530 255 34.

795 263 854 289 Non
877 263 974 303 legitur
996 262 1047 288 nisi
1065 270 1117 288 uno
1136 262 1167 289 11.
1185 262 1255 288 loco:
1283 263 1304 287 0
1323 264 1372 288 389
1394 260 1530 296 μάχοντο,

796 296 824 322 οἳ
847 295 901 329 μὲν
923 297 972 330 αφ’
990 293 1097 327 ἳππων,
1121 294 1149 322 οἱ
1174 297 1197 321 δ’
1212 294 1268 322 ἀπὸ
1292 298 1370 328 νηιῦν
1391 300 1529 329 μακροῖσι

795 332 935 364 ξυστοῖσι,
949 328 984 356 τά
999 329 1036 364 ῥά
1051 327 1151 364 σφ’ἐπῖ
1166 331 1266 364 νηυσὶν
1282 326 1376 356 ἔκειτο
1391 328 1531 363 ναύμαχα,

794 362 960 397 κολλήεντα,
979 362 1050 390 κατὰ
1071 363 1162 396 στόμα
1182 362 1280 396 εἱμένα
1293 365 1392 399 χαλκῷ
1410 365 1531 396 (Duemz.

794 403 872 431 putat
882 408 903 425 v.
914 400 1015 425 336—9
1028 399 1204 432 interpolatos
1218 401 1292 431 esse).
1320 398 1392 424 Idem
1407 401 1446 424 est
1460 399 1531 431 quod

794 433 891 458 dicitur
904 442 925 459 v.
937 435 986 459 678
1005 432 1110 462 ξυστὸν
1128 431 1282 466 ναύμαχον,
1301 430 1446 465 κολλητὸν
1463 431 1531 466 βλή-

793 474 902 499 τροισι,
930 467 1012 492 schol.
1036 466 1107 493 BLV
1135 461 1190 492 ὑπὸ
1216 465 1351 501 βλήτρων
1379 465 1531 500 δηλονότι·

794 501 864 533 φησὶ
884 503 954 533 γοῦν
973 501 1022 526 καὶ
1043 500 1170 533 ἀλλαχοῦ
1183 503 1251 533 (678)
1264 499 1404 534 κολλητὸν
1422 499 1531 534 βλήτρ.,

794 535 827 560 cf.
843 535 916 561 Eust.
934 537 1007 567 1021,
1022 537 1062 561 43.
1094 535 1127 560 E.
1143 535 1261 561 Goebelii
1279 535 1411 561 sententia
1427 540 1462 568 (p.
1479 538 1530 566 l5):

793 569 974 594 verticillis
992 571 1188 602 instructus,
1202 569 1376 602 principalem
1386 570 1454 594 enim
1469 569 1531 594 dicit

793 602 1009 635 significationem
1027 603 1139 629 nominis
1162 600 1252 628 κόλλα
1274 603 1353 629 fuisse
1376 611 1431 629 rem
1459 604 1530 629 circa

793 644 872 669 quam
886 636 986 668 aliquid
999 640 1127 671 vertatur,
1138 637 1293 670 vertebram,
1304 637 1475 669 verticulum,
1490 645 1530 663 se-

793 670 945 696 cundariam
960 678 1016 696 esse
1030 671 1130 703 gluten,
1150 672 1246 705 quippe
1265 671 1336 704 quod
1354 679 1387 697 ex
1401 671 1530 697 vertebris

792 705 849 730 sim.
865 704 1026 731 conficiatur.
1058 705 1208 731 Secundum
1223 705 1400 739 Grashofium,
1418 706 1464 738 qui
1477 713 1531 731 non

792 739 878 764 minus
896 739 913 764 1.
933 739 950 765 l.
974 743 1087 765 testatur
1106 740 1213 765 κολλᾶν
1231 739 1302 773 apud
1320 740 1397 765 Hom.
1415 739 1530 765 nondum

792 773 1012 806 significationem
1034 773 1221 805 glutinandi
1240 778 1330 807 (sensu
1347 774 1463 807 proprio)
1484 774 1531 799 ha-

792 807 869 839 bere,
888 807 935 833 sed
954 810 977 837 1)
1001 815 1079 839 quam
1098 807 1246 834 firmissime
1269 808 1451 841 compingendi
1468 813 1531 840 (ma—

792 841 861 867 xime
884 841 965 867 clavis
988 841 1093 873 ligneis,
1122 842 1240 874 paxillis,
1268 842 1375 875 anulis),
1403 845 1427 873 2)
1450 850 1530 868 sensu

792 876 900 902 latiore:
934 875 1046 901 firmiter
1073 876 1236 909 conficiendi,
1264 880 1417 909 compactus
1444 876 1531 902 anulis

792 910 849 936 sim.
885 910 1079 942 Interpretatur
1098 910 1210 936 Goebel:
1230 931 1244 943 ,,
1252 911 1282 936 Ι11
1301 911 1407 936 summis
1425 911 1530 936 navium

793 944 872 976 tignis
895 944 1016 969 cardines
1038 943 1151 969 feminae
1173 950 1260 977 erant,
1283 948 1419 970 contorum
1442 948 1531 970 autem

792 981 881 1011 partes
904 977 1045 1003 inferiores
1068 986 1084 1004 3
1106 979 1234 1004 lateribus
1258 978 1372 1011 pai-:illos
1395 979 1530 1004 17811181·ῑί-

792 1012 868 1038 cillos
886 1012 1019 1038 habebant
1042 1012 1192 1038 cardinibus
1211 1013 1334 1038 masculis
1353 1013 1466 1045 similes,
1489 1013 1530 1038 his

791 1046 928 1072 verticillis
946 1046 973 1072 in
993 1046 1114 1072 cardines
1133 1046 1244 1072 feminas
1263 1047 1386 1072 immissis
1405 1046 1530 1072 facillime

792 1080 960 1106 dextrorsum
983 1081 1163 1106 sinistrorsum
1187 1084 1280 1106 contos
1303 1081 1364 1106 illos
1390 1081 1531 1106 movebant

792 1115 890 1140 milites
909 1119 947 1147 et,
967 1115 1100 1147 ingentem
1119 1114 1249 1147 quandam
1267 1115 1318 1140 hac
1336 1115 1531 1140 machinatione

791 1149 843 1175 vim
861 1149 943 1182 nacti,
967 1149 1055 1174 hostes
1077 1149 1156 1181 longe
1173 1149 1371 1182 propulsabant.
1407 1149 1531 1174 Pluribus

791 1186 880 1209 autem
898 1183 1035 1209 verticillis
1058 1183 1177 1215 singulos
1199 1187 1290 1209 contos
1313 1184 1455 1208 instructos
1474 1191 1530 1209 esse

792 1220 851 1243 erat
868 1224 987 1250 necesse,
1010 1225 1062 1250 quo
1086 1217 1155 1243 effici
1178 1221 1281 1250 posset,
1304 1222 1334 1243 ut
1352 1217 1454 1250 longius
1472 1217 1530 1243 bre-

790 1252 856 1283 vius,
875 1255 955 1284 prout
970 1259 1060 1284 pugna
1074 1252 1210 1284 poscebat,
1229 1252 1300 1277 conti
1318 1252 1499 1284 prominerent
1507 1252 1530 1278 “.

791 1285 876 1311 Doed.
900 1285 927 1310 in
950 1286 1002 1311 ed.:
1030 1293 1065 1318 „e
1088 1286 1207 1318 pluribus
1229 1287 1386 1311 constabant
1408 1285 1454 1311 illa
1476 1285 1531 1311 tela

791 1320 874 1345 contis
898 1319 1091 1345 robustioribus
1114 1321 1157 1352 qui
1181 1327 1229 1352 per
1252 1327 1344 1345 aereos
1366 1320 1458 1345 anulos
1481 1320 1531 1345 cir-

792 1354 951 1386 cumiectos,
974 1355 1098 1387 βλῆτρα,
1122 1355 1191 1379 inter
1213 1361 1240 1379 se
1259 1354 1351 1379 conexi
1370 1357 1452 1382 erant.
1489 1354 1531 1380 Ea

791 1389 847 1413 sine
873 1388 975 1419 glutine
1003 1388 1199 1420 compositio
1227 1391 1315 1413 tamen
1342 1388 1531 1421 aequiparatur

791 1420 928 1454 κολλήσει
940 1422 1165 1455 conglutinationi,
1180 1429 1228 1454 per
1238 1424 1341 1455 tropum
1353 1423 1456 1447 Latinis
1466 1430 1529 1454 quo-

791 1464 843 1489 que
856 1457 1058 1489 frequentatum.
1082 1456 1154 1488 Ergo
1164 1454 1323 1488 κολλήεντα
1338 1455 1426 1487 ξυστά
1441 1460 1467 1481 et
1482 1452 1531 1489 ἅρ-

791 1499 868 1522 ματα
891 1490 951 1516 Η83.
976 1495 1039 1516 scut.
1059 1492 1108 1516 308
1135 1498 1188 1515 non
1214 1495 1275 1515 sunt
1303 1488 1473 1523 εὐκόλλητα,
1502 1494 1531 1515 ut

791 1522 902 1557 πηκτὸν
931 1521 1056 1557 ἄροτρον
1084 1528 1125 1550 est
1157 1521 1311 1557 ξίῖπηκτον,
1344 1524 1390 1549 3811
1420 1524 1530 1549 multis

792 1558 1040 1591 compaginibus
1068 1558 1221 1590 praedita
1243 1559 1317 1590 quasi
1335 1558 1443 1590 glutinis
1461 1566 1531 1584 com-

791 1595 884 1626 page“.
921 1593 1038 1618 (111-331101
1053 1592 1136 1618 Schiff
1152 1593 1194 1618 bei
1212 1592 1287 1618 Hom.
1307 1600 1332 1624 p.
1347 1594 1391 1618 31:
1411 1592 1455 1618 Sie
1473 1592 1531 1617 sind

792 1635 839 1652 aus
854 1627 993 1652 mehreren
1007 1627 1132 1653 wahrsch.
1148 1627 1241 1658 kantig
1255 1626 1410 1659 gehauenen
1428 1626 1530 1652 neben

793 1661 952 1687 einander
970 1661 1141 1693 liegenden
1155 1661 1272 1693 stangan
1291 1660 1333 1686 od.
1349 1660 1445 1686 Latten
1463 1668 1530 1686 zus-

792 1698 895 1729 gesetzt
917 1703 942 1721 u.
965 1702 999 1720 an
1022 1695 1072 1720 (1811
1095 1694 1202 1727 Ε1111811,
1229 1694 1293 1720 aber
1320 1694 1386 1720 auch
1413 1694 1481 1720 wohl
1504 1694 1531 1719 in

793 1731 839 1756 der
858 1730 936 1755 Mitte
958 1737 991 1754 an
1015 1730 1119 1762 einigen
1138 1729 1174 1754 St.
1194 1729 1241 1754 mit
1259 1729 1418 1754 metallenen
1436 1728 1531 1754 Reifen

793 1764 904 1797 umlegt3
927 1763 964 1789 sie
988 1771 1073 1789 waren
1096 1763 1169 1788 nicht
1190 1770 1238 1788 aus
1261 1770 1283 1788 e.
1307 1763 1426 1795 einzigen
1444 1763 1530 1788 Baum

793 1799 931 1831 gefertigt,
955 1797 1013 1823 weil
1036 1798 1079 1822 ein
1097 1797 1231 1822 einzelnes
1250 1796 1341 1829 langes
1360 1797 1427 1822 Holz
1446 1796 1488 1822 bei
1508 1804 1529 1822 e.

794 1836 885 1858 btosse
903 1832 1014 1857 leichter
1033 1831 1204 1863 zersplittert,
1223 1831 1261 1856 als
1279 1831 1402 1856 mehrere
1416 1838 1450 1856 an
1464 1839 1489 1856 u.
1503 1831 1531 1856 in

793 1866 921 1892 einander
930 1866 1052 1899 gefuegte
1058 1866 1164 1897 Latten,
1175 1865 1273 1890 welche
1283 1864 1530 1890 mehrElasticitaet

793 1901 880 1926 haben
907 1909 931 1927 u.
955 1903 1034 1926 etwas
1061 1899 1245 1932 nachgeben“.
1264 1913 1297 1918 —
1316 1899 1444 1932 Paraphr.
1466 1899 1532 1924 κολ-

794 1934 878 1968 λητά,
906 1934 987 1960 schol.
1010 1934 1034 1958 D
1058 1938 1084 1959 et
1107 1934 1139 1960 E.
1157 1933 1194 1960 M.
1213 1934 1277 1966 526,
1296 1935 1328 1959 12
1355 1930 1388 1958 ἐκ
1414 1933 1532 1965 πολλῶν

794 1966 1062 2002 συγκεκολλημένα,
1092 1964 1141 1992 ’ἕνα
1172 1965 1289 2000 γένηται
1320 1965 1430 2000 μακρά,
1468 1968 1532 1992 οὶον

794 2003 919 2029 σύνθετα
938 2003 987 2027 καὶ
1007 2000 1041 2027 οὐ
1059 1999 1217 2034 μονόξυλα,
1236 2001 1299 2028 Hes.
1317 2002 1414 2031 καλῶς
1432 2001 1533 2026 κεκολ-

794 2036 914 2070 λημένα,
934 2034 949 2069 ἢ
969 2034 1003 2061 τὰ
1023 2033 1055 2061 ἐκ
1074 2032 1286 2069 συμβλημάτων
1304 2030 1481 2069 ἡρμοσμένα.
1499 2050 1531 2054 -

793 2071 985 2098 Friedlaender
1003 2072 1019 2096 2
1037 2070 1106 2096 hom.
1117 2069 1309 2095 Woerterverz.
1321 2072 1379 2096 727.

828 2104 991 2138 κολλητός
1017 2109 1042 2136 [a
1064 2101 1192 2137 κολλάω,
1220 2103 1319 2130 Goebel
1343 2104 1376 2130 de
1398 2103 1480 2137 epith.
1503 2103 1531 2130 in

795 2148 837 2170 εις
852 2140 934 2166 desin.
947 2142 977 2165 15
997 2138 1060 2164 dicit
1074 2139 1096 2164 si
1114 2137 1230 2164 nondum
1244 2138 1352 2164 Homeri
1366 2138 1531 2171 temporibus

794 2174 913 2200 floruerit
940 2173 1048 2199 verbum
1070 2173 1191 2204 κολλᾶν,
1217 2172 1244 2198 111
1271 2172 1341 2205 quod
1366 2172 1531 2205 probabilius

794 2209 841 2237 sit,
865 2208 898 2233 ab
921 2207 977 2240 ipso
1000 2207 1080 2232 subst.
1100 2204 1189 2231 κόλλα
1211 2206 1309 2232 factum
1330 2213 1389 2232 esse
1407 2206 1531 2232 termina-

794 2242 867 2268 tione
889 2240 952 2274 τός,
979 2240 1012 2266 de
1033 2238 1136 2273 κόλλα,
1159 2238 1275 2266 κολλάω
1298 2249 1320 2266 v.
1344 2248 1365 2266 3.
1387 2239 1530 2273 κολλήεις.

794 2276 834 2302 De
853 2275 904 2302 adi.
923 2276 950 2301 in
970 2283 1010 2305 εις
1029 2274 1208 2300 desinentibus
1226 2283 1249 2300 v.
1267 2278 1376 2307 praeter
1395 2275 1495 2301 Goebel
1514 2275 1531 2301 l.

794 2311 811 2336 l.
834 2310 864 2336 L.
883 2310 975 2343 Meyer
993 2309 1044 2342 vgl.
1063 2308 1108 2335 Gr.
1127 2309 1152 2334 II
1170 2310 1236 2340 305).
1271 2308 1409 2342 Leguntur
1429 2308 1531 2335 formae

795 2341 938 2377 κολλητόν
956 2343 1004 2376 bis,
1022 2344 1128 2375 -οῖσι(ν)
1142 2347 1243 2376 quater,
1262 2346 1339 2376 -ῇσιν
1352 2343 1400 2376 bis,
1418 2342 1464 2373 -άς
1483 2343 1530 2368 bis.

795 2379 845 2404 Est
862 2378 948 2404 sexies
966 2378 993 2403 in
1011 2377 1049 2410 Il.,
1069 2381 1163 2410 quater
1181 2377 1209 2402 in
1223 2376 1283 2410 Od.3
1301 2377 1328 2403 in
1346 2377 1456 2403 introitu
1474 2385 1530 2403 ver-

795 2421 838 2438 sus
858 2416 912 2445 ter,
935 2412 962 2437 in
980 2412 1090 2437 introitu
1108 2414 1132 2437 2.
1150 2411 1225 2445 pedis
1243 2414 1296 2445 ter,
1318 2413 1345 2437 in
1368 2411 1420 2437 fine
1439 2419 1531 2437 versus

795 2450 896 2479 quater.
923 2446 996 2471 Idem
1010 2445 1141 2478 significat
1158 2449 1239 2478 atque
1252 2443 1393 2479 κολλήεις.
1420 2445 1451 2471 Ε.
1463 2445 1530 2471 Goe-

796 2481 857 2507 belii
881 2480 1013 2506 sententia
1033 2484 1065 2512 (v.
1084 2481 1175 2512 supra)
1193 2480 1370 2513 vertebratus,
1393 2480 1530 2506 verticillis

795 2515 953 2547 instructus,
980 2522 1031 2541 sec.
1054 2514 1170 2540 Grashof
1193 2514 1298 2541 Fuhrw.
1317 2516 1345 2547 6,
1372 2514 1530 2547 Dammium,

794 2549 882 2581 Faesi,
899 2545 1022 2581 Duefitz„
1039 2548 1119 2574 alios:
1137 2549 1206 2574 bene
1219 2552 1377 2582 compactus,
1396 2548 1531 2574 confectus

794 2582 917 2616 (paxillis)
942 2583 1065 2616 firmiter,
1093 2583 1109 2608 i.
1132 2591 1156 2616 q.
1185 2579 1336 2616 εὕπηκτος,
1365 2580 1530 2616 εὖποίητος.
